3009 5009
1546 261 1633 326 20

421 439 618 501 euasit
680 439 768 501 vir
825 439 1052 519 pietate
1073 484 1090 509 ‚
1157 437 1402 517 ingenio
1424 484 1440 511 ,
1511 436 1851 499 eruditione
1914 444 2095 517 atque
2146 436 2371 501 iudicio
2418 443 2761 517 praestans.

423 542 546 621 Qui
593 543 774 607 etiam
819 560 980 605 anno
1027 542 1242 606 aetatis
1288 541 1395 607 21.
1445 540 1525 605 ad
1571 541 1875 605 ecclesiae
1906 541 2314 622 Tubingensis
2350 542 2763 605 ministerium
2834 558 2843 566 ·

415 656 662 713 vocatus
727 668 928 733 eoque
993 650 1167 711 annis
1230 656 1372 711 octo
1415 654 1577 711 tanta
1624 646 2156 711 commendatione
2203 649 2453 711 functus
2500 656 2634 723 est,
2700 657 2764 712 vt

414 756 492 820 ab
519 756 932 819 illustrissimo
959 756 1236 837 principe
1265 754 1535 829 domino,
1585 752 1828 817 domino
1877 753 2208 829 Ludouico‚
2255 756 2759 835 wirtembergiae

414 860 573 925 duce
637 864 864 943 inclyto
883 908 901 935 ‚
973 864 1036 923 in
1113 862 1246 923 eius
1311 862 1761 923 consistorium·
1810 862 2301 924 ecclesiasticum
2361 864 2759 942 aulicumque

414 970 911 1031 concionatorem
959 972 1315 1047 cooptatus,
1364 968 1781 1049 quinquennio
1827 973 1977 1047 post
2014 967 2205 1029 abhas
2248 969 2603 1031 monasterii
2646 969 2759 1029 hu-

415 1076 512 1137 ius
559 1073 876 1137 ordinatus
919 1073 1102 1135 fuerit
1147 1070 1254 1137 37.
1298 1073 1362 1157 in
1409 1072 1643 1145 ordine,
1690 1072 1997 1135 reformati
2040 1075 2307 1146 tertius;-
2333 1092 2452 1154 quo
2498 1092 2757 1135 munere

415 1179 658 1243 vixdum
717 1180 891 1241 annis
939 1177 1180 1241 duobus
1227 1177 1327 1256 pie
1376 1195 1448 1239 ac
1495 1185 1707 1240 sancte
1754 1185 1965 1259 gesto,
2026 1180 2199 1259 graui
2242 1180 2455 1247 morbo
2500 1180 2759 1255 affectus

413 1304 486 1349 ac
529 1286 762 1365 victus,
815 1284 1058 1365 placide
1105 1286 1168 1345 in
1217 1283 1456 1345 Christo
1503 1284 1645 1346 lesu
1691 1283 2056 1347 ohdorminit
2076 1329 2093 1356 ,
2142 1288 2575 1367 communique
2623 1288 2759 1365 pio-

413 1410 550 1471 rum
607 1391 775 1453 luctu
821 1389 923 1453 hic
970 1390 1246 1470 sepultus
1292 1395 1389 1451 est
1432 1387 1494 1453 8.
1545 1388 1647 1451 die
1692 1388 1837 1452 Maii
1884 1408 2049 1451 anno
2101 1388 2309 1463 1591,
2385 1395 2599 1454 aetatis
2646 1390 2754 1457 36.

413 1498 710 1560 Vtebatur
753 1498 971 1560 vinens
1017 1496 1137 1559 hoc
1182 1495 1555 1558 Nazianzeni
1602 1494 1799 1557 dicto:
1854 1492 2062 1580 Ἀρχὴν
2114 1495 2388 1561 ἁπάντων
2444 1499 2541 1563 καὶ
2584 1503 2759 1571 calce

411 1603 566 1669 ποσοὶ
613 1598 788 1671 Θεὸν.

1101 1771 1230 1867 aa
1315 1770 1675 1839 solemnes
1715 1770 2063 1843 Brentim
2164 1740 2169 1745 ’

410 1920 662 1983 natione
691 1917 956 1990 Saeuus,
1005 1917 1194 1997 patria
1221 1915 1533 1988 Halensis,
1582 1914 1795 1977 doctor
1820 1915 2165 1997 theologus,
2214 1918 2539 1980 clarissimi
2584 1920 2753 1981 illius

409 2024 680 2105 theoingi
745 2024 988 2087 loannis
1045 2023 1276 2087 Brentii
1296 2066 1313 2095 ,
1379 2022 1717 2101 praepositi
1762 2021 2191 2101 stuttgardiani
2210 2069 2227 2096 ‚
2292 2022 2454 2085 filius
2474 2069 2491 2098 ,
2558 2043 2753 2089 annos

409 2134 656 2196 circiter
698 2133 942 2212 triginta
989 2130 1264 2193 scholam
1308 2134 1375 2189 et
1435 2128 1767 2189 ecclesiam
1811 2127 2269 2207 Tuhingenscm
2312 2133 2559 2193 sincera
2606 2130 2751 2195 doc-

405 2240 562 2301 trina
609 2255 794 2319 quam
835 2235 1202 2299 fidelissime
1250 2216 1531 2295 instruxit
1572 2231 1925 2325 ibidemque
1972 2251 2178 2295 mores
2226 2234 2515 2315 stipendii
2562 2236 2750 2299 duca-

404 2348 482 2411 lis
507 2346 976 2426 vigilantissime
1011 2344 1186 2405 rexit.
1231 2338 1380 2403 Inde
1417 2341 1665 2420 praesul
1709 2341 1889 2417 hujus
1936 2344 2286 2406 monasterii
2333 2345 2747 2417 renunciatus,

405 2470 540 2535 quo·
591 2466 848 2513 munere
911 2436 1233 2529 postquam
1298 2448 1535 2508 summa
1598 2463 1737 2507 cum
1807 2445 1992 2509 lande
2066 2448 2532 2528 quadriennium
2606 2467 2748 2511 cum

403 2555 690 2621 semestri
735 2552 1061 2619 defunctus
1108 2558 1278 2615 esset
1323 2568 1398 2613 ac
1441 2568 1555 2631 per
1599 2568 1846 2613 omnem
1889 2554 2071 2615 vitam
2107 2554 2555 2633 professionem
2588 2558 2747 2627 vitae

402 2662 758 2727 innocentia
801 2661 1044 2741 antiqua
1093 2666 1154 2723 et
1197 2656 1318 2721 fide
1367 2662 1666 2729 ornasset,
1714 2656 1957 2737 placide
1988 2661 2065 2720 in
2105 2658 2343 2742 Christo
2381 2662 2750 2727 obdormiuit

391 2769 516 2839 29.
559 2767 815 2831 Ianuarii
859 2784 1019 2829 anno
1072 2761 1267 2837 1596,
1317 2782 1457 2827 cum
1500 2764 1751 2827 vixisset
1798 2781 1994 2826 annos
2040 2762 2155 2837 56,
2203 2784 2455 2831 menses
2500 2767 2563 2841 5,
2611 2768 2748 2831 dies

404 2870 512 2949 22,
557 2877 732 2939 triste
778 2872 1156 2939 desiderium
1201 2872 1326 2938 suis
1372 2877 1436 2935 vt
1480 2877 1545 2934 et
1589 2872 1725 2935 aliis
1769 2872 1895 2951 piis·
1932 2872 2309 2953 relinquens.
2336 2876 2369 2955 ΙΙ
2492 2952 2497 2959 .

404 3058 547 3127 [ποι.
567 3056 733 3125 ιιι]
1024 3044 1144 3147 39.
1234 3043 1593 3114 Johamm
1639 3008 2037 3111 Hutuelius.
