3009 5009
1402 296 1442 363 5

246 473 506 534 maxime
539 475 816 537 seculum
846 476 1196 557 relinquere
1227 476 1423 537 coacti
1447 482 1607 547 sunt,
1636 478 1773 557 quia
1802 474 2147 544 maledictio
2178 476 2593 553 anathematis,

247 597 370 658 que
409 596 597 665 super
623 580 980 659 Heinricum
1009 589 1287 661 quartum
1332 598 1547 661 regem
1586 579 1745 644 facta
1782 590 1897 655 est,
1946 584 2007 643 in
2048 589 2291 645 tantum
2335 602 2595 664 regnum

244 685 667 748 theutonicum
704 688 1033 763 infecit‚,vt
1079 688 1279 749 nullus
1324 707 1485 767 pene
1532 696 1660 750 tute
1706 697 1920 768 posset
1970 689 2029 749 in
2080 687 2292 751 seculo
2340 708 2595 751 conuer-

246 773 394 863 sari,
463 794 602 872 quin
655 801 757 856 aut
803 796 968 874 regis
1031 782 1363 865 fautoribus
1415 796 1825 868 consentiret,
1875 802 1977 859 aut
2023 795 2266 856 illorum
2302 794 2596 858 vindictas

247 899 638 977 experiretur.
715 900 889 963 Vnde
945 900 1022 963 ad
1069 918 1212 961 eum
1259 918 1441 980 quam
1487 902 1730 980 plurimi
1775 909 2063 980 potentes
2108 902 2215 963 viri
2266 918 2339 963 ex
2384 900 2597 963 ordine

247 1003 611 1065 clericorum
656 992 772 1065 seu
809 1006 1102 1067 laicorum
1147 1004 1312 1068 velut
1357 1003 1433 1066 ad
1475 1004 1782 1086 quoddam
1829 1006 2049 1068 'asilum
2088 1004 2493 1079 confluebant,
2532 1008 2595 1069 in

244 1096 482 1171 tantum
525 1117 588 1171 vt
631 1110 768 1190 plus
805 1128 985 1191 quam
1026 1118 1275 1187 centum
1314 1111 1748 1192 quinquaginta
1800 1112 2137 1173 monachos
2192 1121 2595 1192 congregatos

241 1215 499 1277 haberet
542 1215 772 1297 absque
819 1216 1204 1281 multitudine
1250 1208 1498 1280 fratrum
1546 1216 1961 1290 barbatorum,
2022 1235 2279 1298 quorum
2336 1232 2595 1279 conuer-

247 1320 497 1383 sationis
543 1324 752 1383 auctor
795 1324 926 1402 ipse
975 1324 1206 1403 primus
1247 1325 1457 1398 extitit.
1528 1306 1701 1385 Tunc
1740 1324 1903 1399 enim
1946 1340 2020 1384 ex
2054 1329 2181 1386 toto
2210 1325 2273 1384 in
2312 1322 2425 1385 hac
2456 1342 2597 1403 pro·

245 1426 444 1487 uincia
479 1428 835 1488 monachilis
877 1428 1365 1490 conuersationis
1403 1446 1567 1507 pene
1598 1427 1803 1493 feruor
1846 1434 2140 1507 tepuerat.
2214 1426 2516 1491 ·Preterea
2562 1447 2595 1491 a

245 1532 626 1594 secularibus
673 1551 785 1594 scu
831 1534 1208 1614 spiritalibus
1255 1536 1405 1595 satis
1452 1536 1780 1597 amabatur.
1854 1535 1991 1597 Erat
2027 1534 2191 1595 enim
2234 1534 2321 1596 vir
2365 1533 2594 1596 colum·

243 1636 388 1699 binc
443 1638 841 1718 simplicitatis
899 1646 962 1700 et
1013 1640 1204 1719 magis
1255 1638 1352 1701 dei
1408 1640 1747 1717 prouisioni
1798 1639 1861 1701 in
1919 1640 2156 1701 cunctis
2204 1640 2333 1699 suis
2391 1636 2595 1719 dispo·

245 1743 572 1805 sitionibus
615 1744 999 1817 intendebat,
1045 1754 1230 1824 quam
1275 1745 1519 1825 proprie
1567 1762 1679 1805 seu
1723 1745 1979 1806 aliorum
2018 1741 2378 1824 prudencie.
2464 1744 2593 1805 Sub

245 1866 324 1909 eo
359 1867 603 1928 quoque
634 1851 832 1910 maius
863 1850 1304 1910 monasterium
1342 1856 1759 1911 constructum
1802 1842 1912 1910 est.
2004 1848 2282 1909 Coniunx
2329 1847 2594 1928 denique

245 1951 583 2015 Hermanni
645 1939 1044 2024 marchionis,
1111 1954 1215 2032 qui
1260 1970 1406 2013 suos
1455 1954 1610 2013 clam
1655 1952 1897 2031 fugiens
1946 1950 2023 2013 ob
2072 1954 2291 2013 summi
2336 1957 2595 2033 pastoris

248 2072 525 2119 amorem
571 2065 776 2137 pastor
819 2060 1637 2137 pecorum'cluniacensium
1677 2057 2111 2120 monachorum
2146 2059 2343 2120 factus
2379 2060 2595 2134 fuerat,

249 2184 323 2227 ex
371 2166 613 2245 proprio
661 2174 902 2245 sumptu
950 2184 1164 2245 magna
1213 2184 1287 2228 ex
1331 2174 1500 2247 parte
1550 2164 1897 2228 construxit.
1994 2164 2129 2239 Que
2176 2184 2285 2245 pro
2349 2166 2597 2246 quibus·

248 2271 393 2347 dam
423 2274 452 2349 Η
487 2273 689 2333 causis
719 2271 959 2333 offensa
994 2272 1424 2352 imperfectum
1443 2273 1719 2352 reliquit3
1750 2271 1861 2333 sed
1893 2288 1966 2331 ex
2004 2276 2269 2350 sumptu,
2310 2276 2461 2343 [rot.
2478 2276 2593 2348 51η]

247 2394 434 2458 quem
483 2378 559 2440 ad
605 2380 806 2457 ipsum
854 2398 1006 2457 opus
1053 2386 1507 2459 preparauerat,
1558 2380 1855 2459 reliquum
1902 2397 2099 2459 pene,
2150 2376 2315 2459 quod
2358 2395 2595 2443 reman-

247 2492 428 2557 serat,
481 2484 834 2547 edificatum
885 2486 1012 2567 est3
1061 2504 1218 2547 anno
1257 2504 1400 2549 vero
1438 2488 1513 2547 ab
1552 2488 1969 2548 incarnatione
2002 2486 2235 2548 domini
2265 2484 2591 2549 millesimo

243 2596 646 2673 nonagesimo
693 2598 888 2673 primo
929 2594 1278 2658 dedicatum
1317 2603 1432 2658 est.
1503 2584 1904 2675 congregatio
1936 2602 2161 2667 tamen,
2210 2613 2286 2656 eo
2324 2595 2591 2665 viuente,

244 2699 323 2774 de
371 2706 584 2773 sancto
622 2700 870 2761 Aurelio
909 2720 1031 2761 non
1077 2702 1357 2765 recessit.
1448 2698 1513 2761 ln
1562 2702 1697 2779 ipso
1746 2708 1949 2763 autem
1988 2718 2178 2773 anno,
2228 2716 2347 2779 quo
2387 2717 2595 2760 inona-

243 2808 498 2867 sterium
537 2815 969 2868 consecratum
1007 2815 1120 2878 est,
1168 2809 1362 2869 tercio
1409 2825 1603 2869 nonas
1650 2806 1790 2868 Julii
1830 2806 1907 2868 de
1953 2806 2065 2867 hac
2110 2807 2229 2869 vita
2279 2804 2355 2868 ad
2403 2805 2594 2867 domi·

241 2908 389 2973 num'
436 2913 712 2991 migrauit
759 2922 822 2975 et
865 2915 928 2974 in
975 2914 1110 2992 ipso
1155 2914 1367 2975 maiori
1413 2912 1789 2975 monasterio
1828 2914 1893 2975 in
1939 2912 2143 2982 medio
2194 2912 2461 2976 ecclesie
2499 2918 2591 2973 tu·

243 3018 525 3080 ululatur.
591 3014 818 3080 Prefuit
854 3027 1060 3080 autem
1097 3020 1270 3080 annis
1321 3020 1525 3100 viginti
1572 3017 1828 3081 duobus.

881 3192 954 3258 3.
1042 3191 1159 3258 De
1211 3190 1619 3259 Gebehardo
1674 3187 1933 3259 abbate.
2004 3149 2013 3155 ,

421 3330 665 3401 Tertius
695 3334 1078 3396 constituitur
1107 3332 1290 3395 abbas
1320 3334 1583 3395 domnus
1608 3332 2007 3401 Gebehardus
2044 3333 2295 3395 natione
2324 3330 2589 3396 Sueuus.

241 3438 458 3501 Literis
496 3440 656 3501 bene
696 3442 1053 3511 instructus,
1098 3441 1458 3520 eloquencia
1497 3439 1715 3512 clarus,
1762 3440 1826 3500 in
1869 3438 2262 3518 disponendis
2301 3437 2600 3498 seculari-

241 3545 360 3605 bus
409 3546 590 3607 rebus
639 3548 784 3609 satis
832 3546 1122 3617 idoneus,
1174 3547 1374 3625 equali
1423 3552 1650 3606 statura
1702 3552 1857 3617 erat,
1916 3562 2036 3623 que
2082 3562 2203 3604 nec
2247 3542 2427 3620 longa
2474 3560 2593 3604 nec

241 3653 448 3712 breuis
489 3652 942 3721 aduerteretur‚
991 3652 1158 3712 crine
1210 3652 1416 3730 nigro,
1467 3652 1667 3729 capite
1705 3650 1769 3710 in
1808 3650 2058 3711 circuitu
2098 3648 2409 3727 capillato,
2458 3664 2591 3711 cor-

170 3761 176 3768 '
240 3774 390 3835 pore
447 3776 713 3820 crassus.
819 3757 934 3818 Hic
991 3758 1053 3818 in
1107 3756 1531 3835 argentinensi·
1578 3756 1827 3818 ciuitate
1883 3754 1997 3816 sub
2053 3753 2321 3831 clericali
2377 3753 2589 3817 habitu

242 3866 636 3936 constitutus,
683 3866 924 3936 vinum,
966 3863 1132 3942 quod
1155 3864 1241 3943 ,in
1289 3862 1504 3925 eadem
1550 3862 1863 3943 prouincia
1896 3859 2173 3924 fratribus
2222 3868 2591 3935 excreuerat,

239 3987 356 4049 per
397 3972 746 4049 potenciam
797 3969 1149 4032 abstulerat.
1241 3948 1370 4031 sed
1414 3988 1525 4048 pro
1575 3971 1902 4031 commisso
1952 3968 2303 4034 admonitus
2352 3968 2429 4030 de
2476 3968 2593 4031 hac

241 4086 312 4137 re
349 4078 795 4155 compositurus
831 4076 1128 4139 iactanter
1155 4082 1218 4136 et
1249 4074 1456 4137 inflato
1491 4078 1693 4138 animo
1728 4076 1946 4155 cellam
1974 4076 2339 4156 ingreditur,
2390 4079 2592 4153 vtpote

241 4198 436 4261 quem
491 4198 690 4261 genus
737 4188 802 4243 et
845 4178 1066 4249 diuicie
1107 4166 1482 4252 efferebant,
1551 4182 1635 4242 nil
1682 4183 1911 4254 minus,
1971 4189 2033 4244 vt
2078 4182 2289 4260 specie
2338 4180 2593 4243 demon-

241 4286 489 4359 strabat,
529 4302 716 4367 quam
753 4285 1180 4347 monachicum
1212 4285 1489 4347 habitum
1528 4284 1835 4348 desiderio
1872 4304 2118 4367 gerens,
2168 4284 2387 4364 Sagaci
2415 4284 2595 4361 igitur

238 4392 462 4453 intuitu
529 4390 776 4455 fratrum
841 4391 1371 4474 conuersationem
1426 4394 1837 4471 perspiciens,
1912 4409 2030 4452 nec
2086 4408 2206 4453 non
2263 4385 2593 4452 venerandi
