3009 5009
1354 250 1437 319 23

223 447 361 493 rum
421 430 716 502 obtinuit,
781 431 1046 510 ideoque
1105 432 1266 493 inter
1310 430 1561 493 abbates
1584 478 1599 503 ‚
1669 434 1770 513 qui
1818 431 1896 493 de
1942 439 2151 494 nostro
2196 434 2564 495 monasterio

227 538 348 599 dati
395 543 553 609 sunt,
603 538 772 598 illum
817 556 938 599 non
987 556 1491 619 annumeramus;
1551 522 1711 601 sieut
1752 556 1873 601 neo
1922 536 2212 601 domnum
2257 538 2567 617 Manegoi-
2614 563 2621 572 ·

229 643 395 716 dum,
444 644 548 722 qui
593 644 944 705 interuentu
991 646 1330 706 amicorum
1376 662 1627 707 suorum
1674 620 2227 725 campidonensem
2275 646 2571 707 abbatiam

228 750 364 809 sine
417 758 727 809 consensu
771 748 1020 811 fratrum
1065 766 1316 811 suorum
1364 768 1398 813 a
1444 748 1737 812 Heinrieo
1785 753 1996 831 quinto
2044 768 2189 831 rege
2238 742 2516 813 obtinuit.

347 937 352 944 .
407 852 562 914 Esso
611 852 797 915 abbas
843 853 920 917 ad
964 852 1290 915 Beinwiler
1332 856 1767 919 transmittitur.

408 958 793 1022 Eberhardus
839 960 1025 1023 abbas
1076 959 1151 1022 ad
1199 960 1562 1025 odenheim.

411 1062 732 1143 Gerungus
779 1066 962 1129 abbas
1008 1066 1084 1133 ad
1131 1065 1348 1128 cellam
1395 1067 1619 1131 domne
1669 1066 1933 1129 Pauline.

411 1169 734 1233 Vdalricus
781 1173 966 1233 abbas
1014 1172 1090 1235 ad
1137 1171 1395 1235 eandem
1443 1174 1686 1237 cellam.

423 1278 706 1358 Wolpoto
753 1281 936 1341 abbas
984 1278 1062 1341 ad
1087 1278 1377 1342 -Gotzow.

416 1383 797 1447 Burokardus
847 1386 1030 1448 abbas
1078 1386 1153 1448 ad
1198 1385 1408 1450 locum
1453 1385 1745 1449 eundem.

416 1489 716 1570 Rupertus
763 1492 950 1554 abbas
997 1490 1071 1553 ad
1115 1491 1455 1573 predictum
1503 1494 1727 1555 locum.

415 1590 735 1657 Rudolffus
783 1594 859 1658 ad
905 1596 1171 1659 eundem
1217 1598 1423 1658 locum
1469 1597 1671 1659 abbas.

420 1688 869 1764 Wolfframmus
917 1704 1099 1764 abbas
1147 1701 1222 1765 ad
1267 1702 1645 1781 Babenberg.

417 1807 822 1869 Ermenoldus
867 1808 1052 1868 abbas
1099 1805 1179 1867 ad
1213 1807 1648 1885 Bruueningen
1698 1804 1890 1876 datur,
1938 1806 2025 1867 vir
2071 1804 2389 1866 sanctitate
2438 1818 2583 1863 oon·

240 1914 514 1991 spicuuS,
563 1914 740 1973 euius
789 1918 965 1989 gesta
1004 1912 1325 1973 habentur.
1359 1911 1390 1990 ΙΙ

423 2020 768 2081 Drutwinus
817 2016 1003 2078 abbas
1051 2006 1572 2079 ad'Breittenowa
1616 2017 1888 2078 mittitur.
2255 2020 2393 2087 [Ful.
2425 2017 2585 2084 10⁸]

419 2123 794 2191 Eokebe'rtus
841 2122 1026 2185 abbas
1074 2122 1150 2185 ad
1195 2122 1472 2185 Bosowa.

427 2229 765 2309 Volpoldus
831 2228 1014 2292 abbas
1035 2276 1052 2303 ,
1121 2233 1224 2311 qui
1291 2236 1354 2291 et
1415 2228 1593 2308 Hugo
1659 2228 2113 2296 nominabatur,
2181 2224 2257 2287 ad
2322 2223 2589 2287 eundem

241 2338 472 2398 locum.

427 2415 840 2520 Reginboldus
886 2439 1074 2500 abbas
1121 2438 1198 2501 ad
1245 2438 1410 2501 Nava.

385 2546 795 2634 ‚Adelbertus
833 2546 1020 2608 abbas
1069 2544 1143 2607 ad
1191 2544 1460 2606 eundem
1507 2543 1735 2606 locum.

427 2636 796 2715 Adalbertus
837 2640 1032 2713 'abbas
1078 2651 1151 2711 ab
1196 2649 1558 2729 Elehingena

430 2757 830 2821 Adelhelmus
879 2758 1062 2819 abbas
1111 2754 1184 2819 ad
1232 2754 1669 2834 Ammerburg,
1717 2760 1930 2831 postea
1976 2748 2137 2830 apud
2183 2738 2593 2812 Mediolaeum

246 2866 600 2949 preficitur.-

318 2966 320 2969 ’
432 2970 809 3035 wernherus
857 2967 1046 3031 abbas.
1087 2964 1164 3027 ad
1206 2965 1486 3045 Ertpfurt.

435 3078 762 3139 Heinricus
809 3074 991 3137 abbas
1039 3072 1118 3134 ad
1161 3071 1565 3135 Breitenowa.

431 3183 820 3249 Dietherieus
865 3180 1050 3242 abbas
1097 3177 1175 3239 ad
1219 3175 1602 3239 Schwartzah
1646 3176 1804 3235 iuxta
1848 3169 2227 3249 Herbipolin.

435 3288 772 3351 Gonradus.
796 3287 982 3350 abbas
1030 3283 1103 3347 ad
1153 3282 1539 3352 Schwartzah
1584 3283 1739 3343 iuxta
1782 3278 2083 3341 Rhenum.

437 3396 797 3458 Hiltibertus
845 3392 1026 3454 abbas
1074 3388 1150 3451 ad
1197 3374 1468 3451 eundem
1512 3389 1739 3451 locum.

434 3498 810 3579 Burokardus
857 3498 1044 3559 abbas
1091 3493 1168 3556 ad
1212 3496 1582 3573 wingarten.
1724 3488 1735 3497 ”

438 3608 823 3670 Diethmarus
871 3601 948 3667 ad
995 3600 1264 3663 eundem
1308 3600 1538 3661 locum.

436 3712 790 3794 Megingoss
840 3711 1025 3773 abbas
1073 3706 1151 3770 ad
1200 3705 1465 3769 eundem
1512 3705 1736 3765 locum.

437 3819 778 3899 liudigerus
824 3816 1010 3879 abbas
1057 3814 1132 3876 ad
1179 3812 1488 3876 Tarissen.

436 3924 770 4005 Luipoldus
819 3922 1002 3985 abbas
1052 3919 1128 3983 ad
1172 3919 1574 3981 Wessbrunn.

440 4018 797 4095 Gotefridus'
831 4030 1018 4091 abbas
1063 4025 1139 4088 ad
1184 4024 1577 4107 Brigantium.

439 4135 810 4215 sigehardus
858 4132 933 4196 ad
981 4131 1290 4215 Laurense
1341 4126 1669 4190 cenobium
1716 4124 1917 4185 abbas.

441 4242 768 4323 Heinrious
819 4239 895 4303 ad
937 4237 1308 4304 B-lidenstatt
1350 4234 1557 4297 abbas.
1916 4240 1920 4245 ’

443 4346 752 4413 conradus
793 4347 990 4407 ,abbas
1030 4344 1108 4406 ad
1151 4340 1492 4406 Hornbach.
