3009 5009
1540 274 1625 339 56

1325 446 1846 537 [Siqoldtkeim]

594 574 954 637 Adalhertus
1005 574 1083 637 de
1125 574 1417 639 Waldeek
1467 573 1634 636 dedit
1680 576 1858 637 nobis
1908 578 1969 636 in
2018 576 2297 648 Alsacia,
2362 578 2425 637 in
2472 577 2777 637 comitatu

352 684 360 691 “
419 680 691 761 {ingonis
737 679 814 741 de
849 680 1271 761 Egensshei'm‚
1313 680 1598 762 quicquid
1636 682 1698 740 in
1737 680 2185 761 Sigoldssheim
2220 678 2583 749 hereditario
2626 681 2777 740 iure

418 786 798 866 possederat,
845 794 975 848 tum
1011 806 1120 867 pro
1167 785 1444 849 remedio
1493 790 1697 849 anime
1740 804 1851 848 sue
1896 793 1958 848 et
1982 793 2300 865 parentum
2329 801 2592 865 suorum,
2630 793 2781 847 tum

415 911 524 972 pro
554 895 763 971 precio
794 901 1032 972 septem
1062 911 1425 957 marcarum.
1518 887 1711 953 Dedit·
1738 899 1942 979 autem
1974 902 2209 955 curtem
2246 876 2537 970 integram
2570 898 2630 952 et
2654 890 2781 952 ΧΠ

416 1001 630 1079 iugera
693 1000 818 1079 agri
873 1006 937 1059 et
983 1006 1121 1060 octo
1168 1001 1377 1079 iugera
1427 1000 1737 1060 vinearum
1785 1007 1847 1061 et
1891 1005 2159 1078 pratum,
2210 1005 2273 1059 et
2307 1007 2539 1077 partem
2574 1000 2781 1063 curtis

425 1104 694 1165 ecclesie
740 1104 1099 1182 oppositam,
1150 1105 1326 1164 cuius
1371 1104 1625 1166 alteram
1662 1111 1896 1184 partem
1927 1108 1999 1169 ab
2027 1101 2295 1165 Arnoldo
2324 1103 2513 1165 milite
2540 1098 2783 1164 decem

373 1210 660 1272 ·talentis
692 1210 978 1269 ¹emimus
1027 1210 1374 1271 basiliensis
1429 1217 1703 1271 menete.
1814 1208 2031 1287 Postea
2080 1210 2341 1270 emimus
2398 1210 2473 1269 ab
2539 1209 2783 1282 eedem

417 1296 1007 1378 Adalhertoeurtim
1049 1321 1112 1375 et
1149 1316 1391 1376 vineam
1428 1313 1813 1389 adiacentem
1862 1316 2017 1375 curti
2058 1314 2120 1375 in
2162 1313 2583 1393 Sigoltssheim
2621 1322 2783 1376 oeto

421 1409 664 1486 mareis
694 1428 756 1481 et
799 1419 1057 1491 caballo.
1149 1420 1335 1484 Dedit
1377 1422 1558 1483 etiam
1604 1420 1770 1483 idem
1806 1419 2171 1483 Adalbertus
2209 1421 2433 1482 hubam
2466 1436 2643 1483 vnam
2684 1418 2783 1481 ad

419 1524 763 1605 Nalling‘en.
793 1528 826 1605 ΙΙ
891 1540 910 1553 ’
1866 1605 1871 1612 .
2483 1610 2495 1617 ι

421 1640 742 1710 [rohai-‚J
793 1630 1131 1711 Sigen-idus
1177 1631 1358 1693 miles
1407 1631 1483 1694 de
1530 1631 1962 1707 Anselssiieim
2012 1648 2195 1693 vnum
2230 1617 2521 1710 iugerum
2562 1632 2779 1702 vinee,

421 1739 709 1802 adiacens
747 1740 923 1802 vinee
959 1742 1170 1802 'nostre
1202 1741 1265 1801 in
1287 1720 1755 1819 Sigqldssheim‚
1805 1738 2057 1800 eontulit
2103 1718 2280 1842 n'oiiis
2326 1757 2435 1818 pro
2482 1734 2779 1799 remedio

427 1865 629 1909 amme
678 1864 809 1907 sue.

1354 2015 1829 2105 Siqoldtheim.

604 2143 920 2206 Conradus
983 2142 1260 2205 eiusdem
1325 2142 1467 2205 ville
1530 2144 1715 2214 ciuis,
1782 2110 1977 2204 homo‘
2027 2142 2217 2216 liber·,
2276 2142 2454 2205 dedit
2500 2136 2779 2223 quinque

357 2269 362 2276 ·
419 2252 630 2333 iugera
677 2252 1008 2319 vinearum.
2154 2244 2160 2249 ⁴

1325 2384 1857 2511 'Siqelt'tlwim.„

606 2554 896 2645 Siga-boto
927 2565 1004 2627 de
1036 2566 1529 2647 Druhterssheim
1549 2540 1795 2628 ‘coemit
1833 2568 2011 2629 nobis
2059 2556 2299 2647 septem
2322 2566 2550 2627 marcis
2580 2565 2781 2643 quod·

393 2673 564 2753 ‚dam
610 2672 891 2753 predium
936 2674 998 2733 in
1027 2672 1491 2755 Sigoldssheim‚
1541 2671 1605 2733 id
1651 2680 1751 2734 est
1792 2691 1971 2735 vnam
2020 2675 2237 2734 curtim
2281 2674 2379 2734 et
2392 2672 2507 2734 tria
2552 2672 2775 2749 iugera

422 2774 740 2840 vinearum
807 2784 869 2839 et
923 2776 1028 2839 ΧΠ
1093 2779 1301 2857 iugera
1357 2778 1508 2857 prati
1571 2786 1632 2840 et
1679 2786 1918 2857 pratum
1966 2778 2057 2839 ad
2090 2776 2243 2839 duas
2290 2752 2567 2839 carradas
2624 2777 2779 2841 feni.

425 2883 629 2964 Apud
665 2862 867 2946 villa’m
913 2883 1284 2946 Mittelwiler
1349 2886 1497 2946 emit
1544 2864 1801 2947 domnus
1851 2882 2033 2946 abbas
2079 2885 2282 2947 Bruno
2328 2902 2507 2947 vnam
2556 2885 2785 2953 curtim

429 2998 490 3052 et
518 2998 750 3069 partem
787 2993 963 3057 vinee
1005 3009 1144 3051 eum
1182 2990 1372 3052 tribus
1403 2982 1667 3052 ‘talentis
1716 2991 2061 3080 basiliensis
2108 2997 2379 3054 monete.
2428 2991 2581 3051 Item
2616 2990 2787 3070 apud

426 3097 627 3157 villam
691 3084 1056 3159 Gonssheim
1121 3100 1281 3159 iuxta
1349 3086 1795 3175 Sigoldssheim
1840 3098 2017 3189 sitam
2065 3105 2268 3177 empta
2318 3105 2416 3175 est
2460 3114 2579 3158 vna·
2616 3096 2783 3157 huba

433 3218 571 3260 cum
619 3198 722 3283 XX
768 3202 1008 3267 talentis
1058 3200 1338 3287 eiusdem
1384 3207 1651 3264 monete.

1463 3373 1731 3456 [Gran]

605 3481 984 3577 Burekardus
1053 3516 1160 3577 de
1194 3515 1544 3596 Moringen
1545 3504 1749 3579 dedit
1813 3515 2124 3579 dimidiam
2183 3515 2409 3605 hubam
2468 3517 2547 3580 ad
2604 3514 2781 3590 Grut,

433 3641 551 3739 que
601 3641 898 3686 concessa
949 3631 1044 3721 est
1090 3624 1370 3688 fratribus
1421 3623 1496 3686 ad
1546 3632 1825 3743 εειιιοιιιιιι
1872 3622 2247 3702 Gregorium.
2342 3688 2349 3695 ,

1473 3796 1747 3881 [Suum]
1872 3764 1887 3813 ⁵

503 3986 508 3993 .
602 3936 774 3999 Bubo
821 3939 898 3999 de-
946 3939 1307 4010 Wormacia,
1359 3927 1753 4022 assencieute
1798 3938 1933 4001 filio
1974 3942 2221 4001 nomine
2250 3939 2587 4021 Gumperto
2636 3960 2785 4005 eum

433 4040 672 4103 duobus
717 4044 898 4115 viris,
967 4044 1066 4123 qui
1123 4042 1278 4105 filias
1343 4048 1474 4107 eius
1524 4051 1738 4107 vxores
1784 4046 2111 4117 duxerant,
2182 4058 2439 4126 quorum
2486 4049 2785 4114 voeabula

434 4155 573 4210 sunt
619 4150 832 4210 Ernst
846 4156 908 4210 et
954 4147 1240 4222 Gosmar,
1301 4148 1465 4213 dedit
1526 4153 1701 4215 nobis
1757 4152 1818 4265 in
1864 4152 2005 4215 villa
2054 4152 2221 4219 Sultz
2271 4160 2529 4282 quatum·
2576 4154 2783 4218 hubas

431 4261 490 4315 et
539 4253 868 4319 dimidiam.
