<?xml version="1.0" encoding="UTF-8"?>
<!DOCTYPE html PUBLIC "-//W3C//DTD XHTML 1.0 Transitional//EN"
    "http://www.w3.org/TR/xhtml1/DTD/xhtml1-transitional.dtd">
<html xmlns="http://www.w3.org/1999/xhtml" xml:lang="en" lang="en">
 <head>
  <title>
</title>
<meta http-equiv="Content-Type" content="text/html;charset=utf-8" />
  <meta name='ocr-system' content='tesseract 3.04.00' />
  <meta name='ocr-capabilities' content='ocr_page ocr_carea ocr_par ocr_line ocrx_word'/>
</head>
<body>
  <div class='ocr_page' id='page_1' title='image "./codexhirsaugien00gfrgoog_0040.png"; bbox 0 0 3009 5009; ppageno 0'>
   <div class='ocr_carea' id='block_1_1' title="bbox 1596 274 1683 342">
    <p class='ocr_par' dir='ltr' id='par_1_1' title="bbox 1596 274 1683 342">
     <span class='ocr_line' id='line_1_1' title="bbox 1596 274 1683 342; baseline 0 0"><span class='ocrx_word' id='word_1_1' title='bbox 1596 274 1683 342; x_wconf 76' lang='lat'><strong>28</strong></span> 
     </span>
    </p>
   </div>
   <div class='ocr_carea' id='block_1_2' title="bbox 466 450 2819 745">
    <p class='ocr_par' dir='ltr' id='par_1_2' title="bbox 466 450 2819 745">
     <span class='ocr_line' id='line_1_2' title="bbox 466 450 2819 534; baseline -0 -20"><span class='ocrx_word' id='word_1_2' title='bbox 466 452 770 534; x_wconf 80' lang='lat' dir='ltr'><strong>Lamperti</strong></span> <span class='ocrx_word' id='word_1_3' title='bbox 789 500 805 525; x_wconf 90' lang='lat'><strong>,</strong></span> <span class='ocrx_word' id='word_1_4' title='bbox 873 453 1168 517; x_wconf 78' lang='lat' dir='ltr'><strong>Bonifacii</strong></span> <span class='ocrx_word' id='word_1_5' title='bbox 1225 455 1499 533; x_wconf 75' lang='lat' dir='ltr'><strong>episcopi</strong></span> <span class='ocrx_word' id='word_1_6' title='bbox 1546 460 1613 513; x_wconf 86' lang='lat' dir='ltr'><strong>et</strong></span> <span class='ocrx_word' id='word_1_7' title='bbox 1654 455 1931 532; x_wconf 71' lang='lat' dir='ltr'><strong>martyris</strong></span> <span class='ocrx_word' id='word_1_8' title='bbox 1951 497 1970 523; x_wconf 99' lang='lat'><strong>,</strong></span> <span class='ocrx_word' id='word_1_9' title='bbox 2034 450 2257 515; x_wconf 79' lang='lat' dir='ltr'><strong>Kiliani</strong></span> <span class='ocrx_word' id='word_1_10' title='bbox 2278 498 2293 522; x_wconf 87' lang='lat'>‚</span> <span class='ocrx_word' id='word_1_11' title='bbox 2362 450 2706 515; x_wconf 69' lang='lat' dir='ltr'><strong>Marcellini</strong></span> <span class='ocrx_word' id='word_1_12' title='bbox 2753 459 2819 513; x_wconf 86' lang='lat' dir='ltr'><strong>et</strong></span> 
     </span>
     <span class='ocr_line' id='line_1_3' title="bbox 466 558 2813 638; baseline 0 -19"><span class='ocrx_word' id='word_1_13' title='bbox 466 558 656 631; x_wconf 82' lang='lat' dir='ltr'><strong>Petri,</strong></span> <span class='ocrx_word' id='word_1_14' title='bbox 705 560 984 631; x_wconf 80' lang='lat' dir='ltr'><strong>Romani,</strong></span> <span class='ocrx_word' id='word_1_15' title='bbox 1033 562 1308 631; x_wconf 78' lang='lat' dir='ltr'><strong>Naboris,</strong></span> <span class='ocrx_word' id='word_1_16' title='bbox 1355 560 1727 621; x_wconf 75' lang='lat' dir='ltr'><strong>Felicissimi</strong></span> <span class='ocrx_word' id='word_1_17' title='bbox 1773 568 1837 621; x_wconf 91' lang='lat' dir='ltr'><strong>et</strong></span> <span class='ocrx_word' id='word_1_18' title='bbox 1878 560 2138 638; x_wconf 80' lang='lat' dir='ltr'><strong>Agapiti‚</strong></span> <span class='ocrx_word' id='word_1_19' title='bbox 2185 558 2481 637; x_wconf 80' lang='lat' dir='ltr'><strong>Exuperii‚</strong></span> <span class='ocrx_word' id='word_1_20' title='bbox 2532 558 2813 629; x_wconf 83' lang='lat' dir='ltr'><strong>Genesii,</strong></span> 
     </span>
     <span class='ocr_line' id='line_1_4' title="bbox 467 663 2663 745; baseline -0.001 -18"><span class='ocrx_word' id='word_1_21' title='bbox 467 668 606 736; x_wconf 84' lang='lat' dir='ltr'><strong>Viti,</strong></span> <span class='ocrx_word' id='word_1_22' title='bbox 655 664 911 739; x_wconf 82' lang='lat' dir='ltr'><strong>Quirini,</strong></span> <span class='ocrx_word' id='word_1_23' title='bbox 959 664 1288 735; x_wconf 84' lang='lat' dir='ltr'><strong>Theodori,</strong></span> <span class='ocrx_word' id='word_1_24' title='bbox 1335 664 1615 736; x_wconf 72' lang='lat' dir='ltr'><strong>Floriani,</strong></span> <span class='ocrx_word' id='word_1_25' title='bbox 1662 664 1947 736; x_wconf 87' lang='lat' dir='ltr'><strong>Senonis,</strong></span> <span class='ocrx_word' id='word_1_26' title='bbox 1996 663 2269 745; x_wconf 77' lang='lat' dir='ltr'><strong>Gangolfl</strong></span> <span class='ocrx_word' id='word_1_27' title='bbox 2314 672 2663 743; x_wconf 73' lang='lat' dir='ltr'><strong>martyrum.</strong></span> 
     </span>
    </p>
   </div>
   <div class='ocr_carea' id='block_1_3' title="bbox 883 836 2380 927">
    <p class='ocr_par' dir='ltr' id='par_1_3' title="bbox 883 836 2380 927">
     <span class='ocr_line' id='line_1_5' title="bbox 883 836 2380 927; baseline 0 -22"><span class='ocrx_word' id='word_1_28' title='bbox 883 836 1138 906; x_wconf 69' lang='lat' dir='ltr'><strong>Altero</strong></span> <span class='ocrx_word' id='word_1_29' title='bbox 1187 839 1496 905; x_wconf 69' lang='lat' dir='ltr'><strong>ommim</strong></span> <span class='ocrx_word' id='word_1_30' title='bbox 1546 841 1955 907; x_wconf 69' lang='lat' dir='ltr'><strong>metm-nm</strong></span> <span class='ocrx_word' id='word_1_31' title='bbox 2002 836 2380 927; x_wconf 62' lang='lat' dir='ltr'><strong>virginum</strong></span> 
     </span>
    </p>
   </div>
   <div class='ocr_carea' id='block_1_4' title="bbox 466 980 2820 1689">
    <p class='ocr_par' dir='ltr' id='par_1_4' title="bbox 466 980 2820 1689">
     <span class='ocr_line' id='line_1_6' title="bbox 643 980 2817 1063; baseline -0.002 -18"><span class='ocrx_word' id='word_1_32' title='bbox 643 984 846 1045; x_wconf 81' lang='lat' dir='ltr'><strong>Altare</strong></span> <span class='ocrx_word' id='word_1_33' title='bbox 877 990 1154 1063; x_wconf 86' lang='lat' dir='ltr'><strong>quartum</strong></span> <span class='ocrx_word' id='word_1_34' title='bbox 1189 1000 1225 1044; x_wconf 90' lang='lat' dir='ltr'><strong>a</strong></span> <span class='ocrx_word' id='word_1_35' title='bbox 1259 984 1468 1046; x_wconf 83' lang='lat' dir='ltr'><strong>medio</strong></span> <span class='ocrx_word' id='word_1_36' title='bbox 1516 986 1933 1046; x_wconf 84' lang='lat' dir='ltr'><strong>sinistrorsum</strong></span> <span class='ocrx_word' id='word_1_37' title='bbox 1980 984 2191 1063; x_wconf 88' lang='lat' dir='ltr'><strong>quinto</strong></span> <span class='ocrx_word' id='word_1_38' title='bbox 2234 982 2428 1043; x_wconf 84' lang='lat' dir='ltr'><strong>nonas</strong></span> <span class='ocrx_word' id='word_1_39' title='bbox 2472 980 2619 1043; x_wconf 79' lang='lat' dir='ltr'><strong>Maii</strong></span> <span class='ocrx_word' id='word_1_40' title='bbox 2670 998 2817 1041; x_wconf 89' lang='lat' dir='ltr'><strong>con·</strong></span> 
     </span>
     <span class='ocr_line' id='line_1_7' title="bbox 469 1086 2816 1166; baseline -0.002 -16"><span class='ocrx_word' id='word_1_41' title='bbox 469 1094 775 1150; x_wconf 75' lang='lat' dir='ltr'><strong>sectatum</strong></span> <span class='ocrx_word' id='word_1_42' title='bbox 825 1093 922 1149; x_wconf 84' lang='lat' dir='ltr'><strong>est</strong></span> <span class='ocrx_word' id='word_1_43' title='bbox 965 1089 1030 1149; x_wconf 92' lang='lat' dir='ltr'><strong>in</strong></span> <span class='ocrx_word' id='word_1_44' title='bbox 1076 1087 1308 1149; x_wconf 86' lang='lat' dir='ltr'><strong>honore</strong></span> <span class='ocrx_word' id='word_1_45' title='bbox 1354 1088 1631 1150; x_wconf 87' lang='lat' dir='ltr'><strong>omnium</strong></span> <span class='ocrx_word' id='word_1_46' title='bbox 1684 1094 2025 1149; x_wconf 81' lang='lat' dir='ltr'><strong>sanctarum</strong></span> <span class='ocrx_word' id='word_1_47' title='bbox 2068 1089 2371 1166; x_wconf 82' lang='lat' dir='ltr'><strong>virginum</strong></span> <span class='ocrx_word' id='word_1_48' title='bbox 2416 1091 2481 1148; x_wconf 90' lang='lat' dir='ltr'><strong>et</strong></span> <span class='ocrx_word' id='word_1_49' title='bbox 2520 1086 2816 1165; x_wconf 80' lang='lat' dir='ltr'><strong>precipue</strong></span> 
     </span>
     <span class='ocr_line' id='line_1_8' title="bbox 466 1190 2816 1281; baseline -0.002 -26"><span class='ocrx_word' id='word_1_50' title='bbox 466 1195 720 1273; x_wconf 81' lang='lat' dir='ltr'><strong>Agathe,</strong></span> <span class='ocrx_word' id='word_1_51' title='bbox 766 1195 958 1272; x_wconf 78' lang='lat' dir='ltr'><strong>Agne,</strong></span> <span class='ocrx_word' id='word_1_52' title='bbox 1003 1190 1214 1266; x_wconf 87' lang='lat' dir='ltr'><strong>Lucie,</strong></span> <span class='ocrx_word' id='word_1_53' title='bbox 1262 1194 1519 1257; x_wconf 81' lang='lat' dir='ltr'><strong>cecilie.</strong></span> <span class='ocrx_word' id='word_1_54' title='bbox 1614 1194 2015 1255; x_wconf 80' lang='lat' dir='ltr'><strong>Continentur</strong></span> <span class='ocrx_word' id='word_1_55' title='bbox 2058 1196 2124 1254; x_wconf 89' lang='lat' dir='ltr'><strong>in</strong></span> <span class='ocrx_word' id='word_1_56' title='bbox 2172 1211 2247 1255; x_wconf 91' lang='lat' dir='ltr'><strong>eo</strong></span> <span class='ocrx_word' id='word_1_57' title='bbox 2292 1192 2557 1281; x_wconf 88' lang='lat' dir='ltr'><strong>reliquie</strong></span> <span class='ocrx_word' id='word_1_58' title='bbox 2598 1208 2816 1252; x_wconf 88' lang='lat' dir='ltr'><strong>earun-</strong></span> 
     </span>
     <span class='ocr_line' id='line_1_9' title="bbox 470 1297 2816 1380; baseline -0.001 -20"><span class='ocrx_word' id='word_1_59' title='bbox 470 1298 614 1361; x_wconf 74' lang='lat' dir='ltr'><strong>dem</strong></span> <span class='ocrx_word' id='word_1_60' title='bbox 633 1344 650 1371; x_wconf 92' lang='lat'><strong>,</strong></span> <span class='ocrx_word' id='word_1_61' title='bbox 697 1316 816 1361; x_wconf 89' lang='lat' dir='ltr'><strong>nec</strong></span> <span class='ocrx_word' id='word_1_62' title='bbox 861 1316 983 1360; x_wconf 87' lang='lat' dir='ltr'><strong>non</strong></span> <span class='ocrx_word' id='word_1_63' title='bbox 1029 1299 1395 1379; x_wconf 83' lang='lat' dir='ltr'><strong>Margarete,</strong></span> <span class='ocrx_word' id='word_1_64' title='bbox 1448 1300 1802 1380; x_wconf 78' lang='lat' dir='ltr'><strong>walpurge,</strong></span> <span class='ocrx_word' id='word_1_65' title='bbox 1851 1299 2191 1361; x_wconf 87' lang='lat' dir='ltr'><strong>Scolastice</strong></span> <span class='ocrx_word' id='word_1_66' title='bbox 2208 1344 2225 1372; x_wconf 92' lang='lat'><strong>,</strong></span> <span class='ocrx_word' id='word_1_67' title='bbox 2272 1298 2461 1360; x_wconf 87' lang='lat' dir='ltr'><strong>Otilie</strong></span> <span class='ocrx_word' id='word_1_68' title='bbox 2481 1344 2497 1371; x_wconf 90' lang='lat'><strong>,</strong></span> <span class='ocrx_word' id='word_1_69' title='bbox 2556 1297 2816 1376; x_wconf 84' lang='lat' dir='ltr'><strong>Regine,</strong></span> 
     </span>
     <span class='ocr_line' id='line_1_10' title="bbox 469 1402 2819 1477; baseline -0.002 -10"><span class='ocrx_word' id='word_1_70' title='bbox 469 1403 696 1477; x_wconf 87' lang='lat' dir='ltr'><strong>Teele,</strong></span> <span class='ocrx_word' id='word_1_71' title='bbox 741 1404 1007 1477; x_wconf 83' lang='lat' dir='ltr'><strong>Eulalie,</strong></span> <span class='ocrx_word' id='word_1_72' title='bbox 1053 1403 1310 1477; x_wconf 85' lang='lat' dir='ltr'><strong>Basille,</strong></span> <span class='ocrx_word' id='word_1_73' title='bbox 1357 1404 1729 1476; x_wconf 85' lang='lat' dir='ltr'><strong>Concordie,</strong></span> <span class='ocrx_word' id='word_1_74' title='bbox 1778 1404 2004 1475; x_wconf 82' lang='lat' dir='ltr'><strong>Prisce,</strong></span> <span class='ocrx_word' id='word_1_75' title='bbox 2052 1402 2301 1476; x_wconf 85' lang='lat' dir='ltr'><strong>Iuliane,</strong></span> <span class='ocrx_word' id='word_1_76' title='bbox 2348 1403 2607 1474; x_wconf 85' lang='lat' dir='ltr'><strong>Helene,</strong></span> <span class='ocrx_word' id='word_1_77' title='bbox 2656 1402 2819 1463; x_wconf 83' lang='lat' dir='ltr'><strong>Feli-</strong></span> 
     </span>
     <span class='ocr_line' id='line_1_11' title="bbox 476 1508 2820 1591; baseline -0.002 -18"><span class='ocrx_word' id='word_1_78' title='bbox 476 1511 707 1583; x_wconf 78' lang='lat' dir='ltr'><strong>citatis,</strong></span> <span class='ocrx_word' id='word_1_79' title='bbox 755 1511 1062 1573; x_wconf 89' lang='lat' dir='ltr'><strong>Christine</strong></span> <span class='ocrx_word' id='word_1_80' title='bbox 1083 1556 1100 1583; x_wconf 92' lang='lat'><strong>,</strong></span> <span class='ocrx_word' id='word_1_81' title='bbox 1149 1512 1493 1584; x_wconf 80' lang='lat' dir='ltr'><strong>wiberade,</strong></span> <span class='ocrx_word' id='word_1_82' title='bbox 1540 1511 1796 1591; x_wconf 76' lang='lat' dir='ltr'><strong>Regale,</strong></span> <span class='ocrx_word' id='word_1_83' title='bbox 1844 1510 2090 1583; x_wconf 85' lang='lat' dir='ltr'><strong>Sabine,</strong></span> <span class='ocrx_word' id='word_1_84' title='bbox 2136 1510 2530 1589; x_wconf 76' lang='lat' dir='ltr'><strong>Kateguntlis,</strong></span> <span class='ocrx_word' id='word_1_85' title='bbox 2578 1508 2820 1571; x_wconf 83' lang='lat' dir='ltr'><strong>Guthil-</strong></span> 
     </span>
     <span class='ocr_line' id='line_1_12' title="bbox 471 1604 2331 1689; baseline 0 -12"><span class='ocrx_word' id='word_1_86' title='bbox 471 1604 587 1689; x_wconf 75' lang='lat' dir='ltr'><strong>dis,</strong></span> <span class='ocrx_word' id='word_1_87' title='bbox 631 1614 780 1689; x_wconf 89' lang='lat' dir='ltr'><strong>Zoe,</strong></span> <span class='ocrx_word' id='word_1_88' title='bbox 827 1617 1016 1689; x_wconf 78' lang='lat' dir='ltr'><strong>Affre,</strong></span> <span class='ocrx_word' id='word_1_89' title='bbox 1063 1618 1304 1689; x_wconf 87' lang='lat' dir='ltr'><strong>Vrsule,</strong></span> <span class='ocrx_word' id='word_1_90' title='bbox 1351 1617 1641 1688; x_wconf 88' lang='lat' dir='ltr'><strong>Binnose,</strong></span> <span class='ocrx_word' id='word_1_91' title='bbox 1690 1616 1997 1688; x_wconf 82' lang='lat' dir='ltr'><strong>Viuentie‚</strong></span> <span class='ocrx_word' id='word_1_92' title='bbox 2047 1614 2331 1677; x_wconf 83' lang='lat' dir='ltr'><strong>Cordule.</strong></span> 
     </span>
    </p>
   </div>
   <div class='ocr_carea' id='block_1_5' title="bbox 897 1784 2359 1879">
    <p class='ocr_par' dir='ltr' id='par_1_5' title="bbox 897 1784 2359 1879">
     <span class='ocr_line' id='line_1_13' title="bbox 897 1784 2359 1879; baseline -0.002 -22"><span class='ocrx_word' id='word_1_93' title='bbox 897 1788 1155 1859; x_wconf 71' lang='lat' dir='ltr'><strong>Altam</strong></span> <span class='ocrx_word' id='word_1_94' title='bbox 1195 1789 1421 1857; x_wconf 72' lang='lat' dir='ltr'><strong>emoti</strong></span> <span class='ocrx_word' id='word_1_95' title='bbox 1457 1784 1829 1856; x_wconf 56' lang='lat' dir='ltr'><strong>mahaleel&amp;</strong></span> <span class='ocrx_word' id='word_1_96' title='bbox 1872 1786 2301 1879; x_wconf 71' lang='lat' dir='ltr'><strong>archmyeli.</strong></span> <span class='ocrx_word' id='word_1_97' title='bbox 2328 1793 2359 1873; x_wconf 82' lang='grc' dir='ltr'><strong>Η</strong></span> 
     </span>
    </p>
   </div>
   <div class='ocr_carea' id='block_1_6' title="bbox 473 1931 2824 2962">
    <p class='ocr_par' dir='ltr' id='par_1_6' title="bbox 473 1931 2824 2434">
     <span class='ocr_line' id='line_1_14' title="bbox 477 1931 2823 2013; baseline -0.001 -22"><span class='ocrx_word' id='word_1_98' title='bbox 477 1938 614 2004; x_wconf 69' lang='lat' dir='ltr'><strong>[Fut.</strong></span> <span class='ocrx_word' id='word_1_99' title='bbox 633 1937 806 2005; x_wconf 56' lang='grc' dir='ltr'><strong>θοι]</strong></span> <span class='ocrx_word' id='word_1_100' title='bbox 895 1933 1100 1994; x_wconf 79' lang='lat' dir='ltr'><strong>Altare</strong></span> <span class='ocrx_word' id='word_1_101' title='bbox 1167 1934 1446 2013; x_wconf 87' lang='lat' dir='ltr'><strong>quintum</strong></span> <span class='ocrx_word' id='word_1_102' title='bbox 1510 1950 1547 1993; x_wconf 86' lang='lat' dir='ltr'><strong>a</strong></span> <span class='ocrx_word' id='word_1_103' title='bbox 1608 1931 1816 1994; x_wconf 81' lang='lat' dir='ltr'><strong>medio</strong></span> <span class='ocrx_word' id='word_1_104' title='bbox 1876 1934 2299 1994; x_wconf 78' lang='lat' dir='ltr'><strong>sinistrorsum</strong></span> <span class='ocrx_word' id='word_1_105' title='bbox 2356 1932 2567 2011; x_wconf 88' lang='lat' dir='ltr'><strong>quinto</strong></span> <span class='ocrx_word' id='word_1_106' title='bbox 2620 1946 2823 1989; x_wconf 85' lang='lat' dir='ltr'><strong>nonas</strong></span> 
     </span>
     <span class='ocr_line' id='line_1_15' title="bbox 473 2034 2824 2114; baseline -0.002 -15"><span class='ocrx_word' id='word_1_107' title='bbox 473 2034 624 2099; x_wconf 86' lang='lat' dir='ltr'><strong>Maii</strong></span> <span class='ocrx_word' id='word_1_108' title='bbox 687 2044 1114 2099; x_wconf 83' lang='lat' dir='ltr'><strong>consecratum</strong></span> <span class='ocrx_word' id='word_1_109' title='bbox 1171 2045 1267 2099; x_wconf 90' lang='lat' dir='ltr'><strong>est</strong></span> <span class='ocrx_word' id='word_1_110' title='bbox 1323 2038 1388 2098; x_wconf 90' lang='lat' dir='ltr'><strong>in</strong></span> <span class='ocrx_word' id='word_1_111' title='bbox 1447 2037 1681 2098; x_wconf 86' lang='lat' dir='ltr'><strong>honore</strong></span> <span class='ocrx_word' id='word_1_112' title='bbox 1738 2040 1930 2101; x_wconf 83' lang='lat' dir='ltr'><strong>saneti</strong></span> <span class='ocrx_word' id='word_1_113' title='bbox 1978 2035 2295 2099; x_wconf 83' lang='lat' dir='ltr'><strong>Michaelis</strong></span> <span class='ocrx_word' id='word_1_114' title='bbox 2349 2035 2701 2114; x_wconf 75' lang='lat' dir='ltr'><strong>archangeli</strong></span> <span class='ocrx_word' id='word_1_115' title='bbox 2758 2041 2824 2095; x_wconf 92' lang='lat' dir='ltr'><strong>et</strong></span> 
     </span>
     <span class='ocr_line' id='line_1_16' title="bbox 473 2143 2821 2224; baseline -0.001 -20"><span class='ocrx_word' id='word_1_116' title='bbox 473 2144 746 2205; x_wconf 87' lang='lat' dir='ltr'><strong>omnium</strong></span> <span class='ocrx_word' id='word_1_117' title='bbox 784 2144 1110 2205; x_wconf 85' lang='lat' dir='ltr'><strong>celestium</strong></span> <span class='ocrx_word' id='word_1_118' title='bbox 1145 2146 1485 2224; x_wconf 87' lang='lat' dir='ltr'><strong>spirituum,</strong></span> <span class='ocrx_word' id='word_1_119' title='bbox 1536 2150 1600 2204; x_wconf 90' lang='lat' dir='ltr'><strong>et</strong></span> <span class='ocrx_word' id='word_1_120' title='bbox 1642 2146 1709 2205; x_wconf 91' lang='lat' dir='ltr'><strong>in</strong></span> <span class='ocrx_word' id='word_1_121' title='bbox 1755 2161 1831 2205; x_wconf 91' lang='lat' dir='ltr'><strong>eo</strong></span> <span class='ocrx_word' id='word_1_122' title='bbox 1870 2146 2263 2205; x_wconf 88' lang='lat' dir='ltr'><strong>continentur</strong></span> <span class='ocrx_word' id='word_1_123' title='bbox 2304 2143 2567 2223; x_wconf 86' lang='lat' dir='ltr'><strong>reliquie</strong></span> <span class='ocrx_word' id='word_1_124' title='bbox 2614 2144 2821 2203; x_wconf 83' lang='lat' dir='ltr'><strong>sancti</strong></span> 
     </span>
     <span class='ocr_line' id='line_1_17' title="bbox 473 2246 2817 2329; baseline -0.002 -18"><span class='ocrx_word' id='word_1_125' title='bbox 473 2246 708 2311; x_wconf 83' lang='lat' dir='ltr'><strong>Thome</strong></span> <span class='ocrx_word' id='word_1_126' title='bbox 755 2249 1048 2329; x_wconf 87' lang='lat' dir='ltr'><strong>apostoli,</strong></span> <span class='ocrx_word' id='word_1_127' title='bbox 1093 2247 1365 2328; x_wconf 83' lang='lat' dir='ltr'><strong>Agapiti,</strong></span> <span class='ocrx_word' id='word_1_128' title='bbox 1415 2249 1617 2327; x_wconf 83' lang='lat' dir='ltr'><strong>Sergii</strong></span> <span class='ocrx_word' id='word_1_129' title='bbox 1663 2255 1727 2309; x_wconf 88' lang='lat' dir='ltr'><strong>et</strong></span> <span class='ocrx_word' id='word_1_130' title='bbox 1769 2248 1988 2320; x_wconf 87' lang='lat' dir='ltr'><strong>Bachi,</strong></span> <span class='ocrx_word' id='word_1_131' title='bbox 2045 2247 2435 2318; x_wconf 84' lang='lat' dir='ltr'><strong>Nicomedis,</strong></span> <span class='ocrx_word' id='word_1_132' title='bbox 2482 2247 2817 2317; x_wconf 85' lang='lat' dir='ltr'><strong>Valentini,</strong></span> 
     </span>
     <span class='ocr_line' id='line_1_18' title="bbox 475 2353 2033 2434; baseline -0.002 -17"><span class='ocrx_word' id='word_1_133' title='bbox 475 2353 754 2428; x_wconf 70' lang='lat' dir='ltr'><strong>Tiburni,</strong></span> <span class='ocrx_word' id='word_1_134' title='bbox 800 2355 1155 2426; x_wconf 84' lang='lat' dir='ltr'><strong>Anthonini,</strong></span> <span class='ocrx_word' id='word_1_135' title='bbox 1205 2353 1500 2434; x_wconf 82' lang='lat' dir='ltr'><strong>Gangolfi,</strong></span> <span class='ocrx_word' id='word_1_136' title='bbox 1548 2355 1705 2426; x_wconf 87' lang='lat' dir='ltr'><strong>Vrsi‚</strong></span> <span class='ocrx_word' id='word_1_137' title='bbox 1752 2353 2033 2415; x_wconf 85' lang='lat' dir='ltr'><strong>Materni.</strong></span> 
     </span>
    </p>

    <p class='ocr_par' dir='ltr' id='par_1_7' title="bbox 477 2456 2824 2962">
     <span class='ocr_line' id='line_1_19' title="bbox 653 2456 2824 2539; baseline -0.001 -19"><span class='ocrx_word' id='word_1_138' title='bbox 653 2461 830 2520; x_wconf 82' lang='lat' dir='ltr'><strong>Anno</strong></span> <span class='ocrx_word' id='word_1_139' title='bbox 911 2460 1344 2522; x_wconf 83' lang='lat' dir='ltr'><strong>incarnationis</strong></span> <span class='ocrx_word' id='word_1_140' title='bbox 1427 2459 1729 2521; x_wconf 87' lang='lat' dir='ltr'><strong>dominice</strong></span> <span class='ocrx_word' id='word_1_141' title='bbox 1812 2460 2138 2521; x_wconf 89' lang='lat' dir='ltr'><strong>millesimo</strong></span> <span class='ocrx_word' id='word_1_142' title='bbox 2222 2456 2824 2539; x_wconf 86' lang='lat' dir='ltr'><strong>quadringentesimo</strong></span> 
     </span>
     <span class='ocr_line' id='line_1_20' title="bbox 477 2560 2823 2643; baseline -0.001 -18"><span class='ocrx_word' id='word_1_143' title='bbox 477 2560 940 2643; x_wconf 82' lang='lat' dir='ltr'><strong>quadragesimo</strong></span> <span class='ocrx_word' id='word_1_144' title='bbox 995 2570 1214 2625; x_wconf 86' lang='lat' dir='ltr'><strong>octauo</strong></span> <span class='ocrx_word' id='word_1_145' title='bbox 1279 2562 1555 2625; x_wconf 85' lang='lat' dir='ltr'><strong>dedicata</strong></span> <span class='ocrx_word' id='word_1_146' title='bbox 1618 2571 1759 2627; x_wconf 89' lang='lat' dir='ltr'><strong>sunt</strong></span> <span class='ocrx_word' id='word_1_147' title='bbox 1811 2573 2067 2643; x_wconf 89' lang='lat' dir='ltr'><strong>quatuor</strong></span> <span class='ocrx_word' id='word_1_148' title='bbox 2137 2564 2339 2625; x_wconf 86' lang='lat' dir='ltr'><strong>altaria</strong></span> <span class='ocrx_word' id='word_1_149' title='bbox 2394 2565 2733 2643; x_wconf 86' lang='lat' dir='ltr'><strong>sequeneia</strong></span> <span class='ocrx_word' id='word_1_150' title='bbox 2788 2582 2823 2623; x_wconf 88' lang='lat' dir='ltr'><strong>a</strong></span> 
     </span>
     <span class='ocr_line' id='line_1_21' title="bbox 477 2666 2824 2748; baseline -0.001 -18"><span class='ocrx_word' id='word_1_151' title='bbox 477 2666 814 2730; x_wconf 79' lang='lat' dir='ltr'><strong>venerabili·</strong></span> <span class='ocrx_word' id='word_1_152' title='bbox 857 2666 1082 2729; x_wconf 87' lang='lat' dir='ltr'><strong>domno</strong></span> <span class='ocrx_word' id='word_1_153' title='bbox 1129 2668 1306 2732; x_wconf 86' lang='lat' dir='ltr'><strong>Petro</strong></span> <span class='ocrx_word' id='word_1_154' title='bbox 1325 2714 1342 2741; x_wconf 91' lang='lat'><strong>,</strong></span> <span class='ocrx_word' id='word_1_155' title='bbox 1391 2667 1671 2731; x_wconf 76' lang='lat' dir='ltr'><strong>Mittensi</strong></span> <span class='ocrx_word' id='word_1_156' title='bbox 1717 2670 2009 2748; x_wconf 82' lang='lat' dir='ltr'><strong>episeopo</strong></span> <span class='ocrx_word' id='word_1_157' title='bbox 2029 2714 2047 2741; x_wconf 92' lang='lat'><strong>,</strong></span> <span class='ocrx_word' id='word_1_158' title='bbox 2096 2668 2422 2735; x_wconf 87' lang='lat' dir='ltr'><strong>reuerendi</strong></span> <span class='ocrx_word' id='word_1_159' title='bbox 2464 2671 2525 2729; x_wconf 88' lang='lat' dir='ltr'><strong>in</strong></span> <span class='ocrx_word' id='word_1_160' title='bbox 2576 2667 2824 2730; x_wconf 86' lang='lat' dir='ltr'><strong>Christo</strong></span> 
     </span>
     <span class='ocr_line' id='line_1_22' title="bbox 477 2772 2823 2856; baseline -0.001 -20"><span class='ocrx_word' id='word_1_161' title='bbox 477 2776 660 2855; x_wconf 85' lang='lat' dir='ltr'><strong>patris</strong></span> <span class='ocrx_word' id='word_1_162' title='bbox 731 2780 793 2836; x_wconf 90' lang='lat' dir='ltr'><strong>et</strong></span> <span class='ocrx_word' id='word_1_163' title='bbox 855 2772 1064 2836; x_wconf 82' lang='lat' dir='ltr'><strong>domni</strong></span> <span class='ocrx_word' id='word_1_164' title='bbox 1141 2773 1347 2836; x_wconf 86' lang='lat' dir='ltr'><strong>domni</strong></span> <span class='ocrx_word' id='word_1_165' title='bbox 1415 2774 1747 2838; x_wconf 83' lang='lat' dir='ltr'><strong>Reinhardi</strong></span> <span class='ocrx_word' id='word_1_166' title='bbox 1769 2821 1784 2847; x_wconf 92' lang='lat'>‚</span> <span class='ocrx_word' id='word_1_167' title='bbox 1860 2777 2137 2855; x_wconf 85' lang='lat' dir='ltr'><strong>episcopi</strong></span> <span class='ocrx_word' id='word_1_168' title='bbox 2193 2776 2499 2856; x_wconf 87' lang='lat' dir='ltr'><strong>Spirensis</strong></span> <span class='ocrx_word' id='word_1_169' title='bbox 2519 2820 2536 2847; x_wconf 93' lang='lat'><strong>,</strong></span> <span class='ocrx_word' id='word_1_170' title='bbox 2594 2774 2823 2835; x_wconf 82' lang='lat' dir='ltr'><strong>vicario</strong></span> 
     </span>
     <span class='ocr_line' id='line_1_23' title="bbox 477 2880 1368 2962; baseline 0.003 -21"><span class='ocrx_word' id='word_1_171' title='bbox 477 2881 750 2959; x_wconf 79' lang='lat' dir='ltr'><strong>generali</strong></span> <span class='ocrx_word' id='word_1_172' title='bbox 795 2880 855 2943; x_wconf 84' lang='lat' dir='ltr'><strong>iu</strong></span> <span class='ocrx_word' id='word_1_173' title='bbox 905 2880 1368 2962; x_wconf 86' lang='lat' dir='ltr'><strong>pontificalibus.</strong></span> 
     </span>
    </p>
   </div>
   <div class='ocr_carea' id='block_1_7' title="bbox 1162 3051 2137 3123">
    <p class='ocr_par' dir='ltr' id='par_1_8' title="bbox 1162 3051 2137 3123">
     <span class='ocr_line' id='line_1_24' title="bbox 1162 3051 2137 3123; baseline -0.001 -1"><span class='ocrx_word' id='word_1_174' title='bbox 1162 3053 1417 3123; x_wconf 79' lang='lat' dir='ltr'><strong>Altare</strong></span> <span class='ocrx_word' id='word_1_175' title='bbox 1459 3054 1686 3121; x_wconf 71' lang='lat' dir='ltr'><strong>emoti</strong></span> <span class='ocrx_word' id='word_1_176' title='bbox 1726 3051 2137 3122; x_wconf 67' lang='lat' dir='ltr'><strong>Sebastiani.</strong></span> 
     </span>
    </p>
   </div>
   <div class='ocr_carea' id='block_1_8' title="bbox 482 3195 2831 3493">
    <p class='ocr_par' dir='ltr' id='par_1_9' title="bbox 482 3195 2831 3493">
     <span class='ocr_line' id='line_1_25' title="bbox 657 3195 2829 3275; baseline 0 -17"><span class='ocrx_word' id='word_1_177' title='bbox 657 3198 861 3259; x_wconf 80' lang='lat' dir='ltr'><strong>Altare</strong></span> <span class='ocrx_word' id='word_1_178' title='bbox 925 3197 1188 3275; x_wconf 86' lang='lat' dir='ltr'><strong>primum</strong></span> <span class='ocrx_word' id='word_1_179' title='bbox 1243 3215 1278 3257; x_wconf 90' lang='lat' dir='ltr'><strong>a</strong></span> <span class='ocrx_word' id='word_1_180' title='bbox 1322 3196 1533 3259; x_wconf 84' lang='lat' dir='ltr'><strong>medio</strong></span> <span class='ocrx_word' id='word_1_181' title='bbox 1578 3200 1779 3259; x_wconf 90' lang='lat' dir='ltr'><strong>crucis</strong></span> <span class='ocrx_word' id='word_1_182' title='bbox 1827 3195 2205 3260; x_wconf 84' lang='lat' dir='ltr'><strong>dextrorsum</strong></span> <span class='ocrx_word' id='word_1_183' title='bbox 2250 3203 2681 3262; x_wconf 87' lang='lat' dir='ltr'><strong>consecratum</strong></span> <span class='ocrx_word' id='word_1_184' title='bbox 2728 3206 2829 3259; x_wconf 88' lang='lat' dir='ltr'><strong>est</strong></span> 
     </span>
     <span class='ocr_line' id='line_1_26' title="bbox 483 3302 2829 3386; baseline 0 -21"><span class='ocrx_word' id='word_1_185' title='bbox 483 3302 947 3386; x_wconf 84' lang='lat' dir='ltr'><strong>quintodecimo</strong></span> <span class='ocrx_word' id='word_1_186' title='bbox 1012 3302 1114 3365; x_wconf 83' lang='lat' dir='ltr'><strong>die</strong></span> <span class='ocrx_word' id='word_1_187' title='bbox 1171 3303 1316 3367; x_wconf 90' lang='lat' dir='ltr'><strong>Maii</strong></span> <span class='ocrx_word' id='word_1_188' title='bbox 1371 3306 1434 3367; x_wconf 92' lang='lat' dir='ltr'><strong>in</strong></span> <span class='ocrx_word' id='word_1_189' title='bbox 1479 3306 1715 3367; x_wconf 88' lang='lat' dir='ltr'><strong>honore</strong></span> <span class='ocrx_word' id='word_1_190' title='bbox 1762 3312 2116 3367; x_wconf 85' lang='lat' dir='ltr'><strong>sanctorum</strong></span> <span class='ocrx_word' id='word_1_191' title='bbox 2159 3306 2328 3368; x_wconf 88' lang='lat' dir='ltr'><strong>Pauli</strong></span> <span class='ocrx_word' id='word_1_192' title='bbox 2373 3306 2668 3385; x_wconf 86' lang='lat' dir='ltr'><strong>apostoli,</strong></span> <span class='ocrx_word' id='word_1_193' title='bbox 2718 3305 2829 3366; x_wconf 87' lang='lat' dir='ltr'><strong>Fa-</strong></span> 
     </span>
     <span class='ocr_line' id='line_1_27' title="bbox 482 3409 2831 3493; baseline 0 -22"><span class='ocrx_word' id='word_1_194' title='bbox 482 3409 648 3472; x_wconf 86' lang='lat' dir='ltr'><strong>biani</strong></span> <span class='ocrx_word' id='word_1_195' title='bbox 707 3416 772 3473; x_wconf 88' lang='lat' dir='ltr'><strong>et</strong></span> <span class='ocrx_word' id='word_1_196' title='bbox 815 3410 1162 3473; x_wconf 85' lang='lat' dir='ltr'><strong>Sebastiani</strong></span> <span class='ocrx_word' id='word_1_197' title='bbox 1221 3417 1402 3491; x_wconf 85' lang='lat' dir='ltr'><strong>atque</strong></span> <span class='ocrx_word' id='word_1_198' title='bbox 1463 3410 1823 3473; x_wconf 75' lang='lat' dir='ltr'><strong>christofori</strong></span> <span class='ocrx_word' id='word_1_199' title='bbox 1876 3421 2226 3493; x_wconf 76' lang='lat' dir='ltr'><strong>martyrum.</strong></span> <span class='ocrx_word' id='word_1_200' title='bbox 2318 3412 2721 3473; x_wconf 87' lang='lat' dir='ltr'><strong>Continentur</strong></span> <span class='ocrx_word' id='word_1_201' title='bbox 2764 3414 2831 3471; x_wconf 92' lang='lat' dir='ltr'><strong>in</strong></span> 
     </span>
    </p>
   </div>
   <div class='ocr_carea' id='block_1_9' title="bbox 485 3517 2833 3689">
    <p class='ocr_par' dir='ltr' id='par_1_10' title="bbox 485 3517 2833 3689">
     <span class='ocr_line' id='line_1_28' title="bbox 485 3517 2833 3599; baseline -0.001 -18"><span class='ocrx_word' id='word_1_202' title='bbox 485 3536 564 3581; x_wconf 91' lang='lat' dir='ltr'><strong>eo</strong></span> <span class='ocrx_word' id='word_1_203' title='bbox 592 3517 854 3599; x_wconf 88' lang='lat' dir='ltr'><strong>reliquie</strong></span> <span class='ocrx_word' id='word_1_204' title='bbox 886 3519 1242 3593; x_wconf 87' lang='lat' dir='ltr'><strong>eorundem,</strong></span> <span class='ocrx_word' id='word_1_205' title='bbox 1289 3537 1410 3581; x_wconf 90' lang='lat' dir='ltr'><strong>nec</strong></span> <span class='ocrx_word' id='word_1_206' title='bbox 1455 3536 1582 3582; x_wconf 89' lang='lat' dir='ltr'><strong>non</strong></span> <span class='ocrx_word' id='word_1_207' title='bbox 1628 3526 1693 3582; x_wconf 91' lang='lat' dir='ltr'><strong>et</strong></span> <span class='ocrx_word' id='word_1_208' title='bbox 1735 3520 1989 3582; x_wconf 89' lang='lat' dir='ltr'><strong>aliorum</strong></span> <span class='ocrx_word' id='word_1_209' title='bbox 2032 3521 2430 3599; x_wconf 88' lang='lat' dir='ltr'><strong>plurimorum</strong></span> <span class='ocrx_word' id='word_1_210' title='bbox 2476 3526 2833 3581; x_wconf 84' lang='lat' dir='ltr'><strong>sanctorum</strong></span> 
     </span>
     <span class='ocr_line' id='line_1_29' title="bbox 487 3630 956 3689; baseline 0.002 -2"><span class='ocrx_word' id='word_1_211' title='bbox 487 3631 552 3687; x_wconf 90' lang='lat' dir='ltr'><strong>et</strong></span> <span class='ocrx_word' id='word_1_212' title='bbox 595 3630 956 3689; x_wconf 82' lang='lat' dir='ltr'><strong>sanctarum.</strong></span> 
     </span>
    </p>
   </div>
   <div class='ocr_carea' id='block_1_10' title="bbox 1211 3795 2099 3865">
    <p class='ocr_par' dir='ltr' id='par_1_11' title="bbox 1211 3795 2099 3865">
     <span class='ocr_line' id='line_1_30' title="bbox 1211 3795 2099 3865; baseline -0.001 -3"><span class='ocrx_word' id='word_1_213' title='bbox 1211 3795 1467 3864; x_wconf 72' lang='lat' dir='ltr'><strong>Altare</strong></span> <span class='ocrx_word' id='word_1_214' title='bbox 1528 3798 1755 3865; x_wconf 70' lang='lat' dir='ltr'><strong>emeli</strong></span> <span class='ocrx_word' id='word_1_215' title='bbox 1807 3795 2099 3865; x_wconf 74' lang='grc' dir='ltr'><strong><em>Μσοὶαἱ.</em></strong></span> 
     </span>
    </p>
   </div>
   <div class='ocr_carea' id='block_1_11' title="bbox 489 3936 2837 4231">
    <p class='ocr_par' dir='ltr' id='par_1_12' title="bbox 489 3936 2837 4231">
     <span class='ocr_line' id='line_1_31' title="bbox 663 3936 2837 4020; baseline 0 -23"><span class='ocrx_word' id='word_1_216' title='bbox 663 3937 869 4020; x_wconf 63' lang='grc' dir='ltr'><strong>ᾼΙωτο</strong></span> <span class='ocrx_word' id='word_1_217' title='bbox 913 3938 1177 4017; x_wconf 88' lang='lat' dir='ltr'><strong>primum</strong></span> <span class='ocrx_word' id='word_1_218' title='bbox 1223 3956 1258 3999; x_wconf 87' lang='lat' dir='ltr'><strong>a</strong></span> <span class='ocrx_word' id='word_1_219' title='bbox 1303 3938 1511 3999; x_wconf 85' lang='lat' dir='ltr'><strong>medio</strong></span> <span class='ocrx_word' id='word_1_220' title='bbox 1558 3939 1971 4002; x_wconf 85' lang='lat' dir='ltr'><strong>sinistrorsum</strong></span> <span class='ocrx_word' id='word_1_221' title='bbox 2013 3942 2222 4020; x_wconf 86' lang='lat' dir='ltr'><strong>quinto</strong></span> <span class='ocrx_word' id='word_1_222' title='bbox 2260 3938 2503 4001; x_wconf 82' lang='lat' dir='ltr'><strong>decimo</strong></span> <span class='ocrx_word' id='word_1_223' title='bbox 2542 3938 2641 3999; x_wconf 88' lang='lat' dir='ltr'><strong>die</strong></span> <span class='ocrx_word' id='word_1_224' title='bbox 2680 3936 2837 3999; x_wconf 88' lang='lat' dir='ltr'><strong>Maii</strong></span> 
     </span>
     <span class='ocr_line' id='line_1_32' title="bbox 489 4041 2837 4124; baseline -0.001 -19"><span class='ocrx_word' id='word_1_225' title='bbox 489 4049 920 4105; x_wconf 85' lang='lat' dir='ltr'><strong>consecratum</strong></span> <span class='ocrx_word' id='word_1_226' title='bbox 983 4048 1082 4105; x_wconf 88' lang='lat' dir='ltr'><strong>est</strong></span> <span class='ocrx_word' id='word_1_227' title='bbox 1143 4044 1209 4104; x_wconf 91' lang='lat' dir='ltr'><strong>in</strong></span> <span class='ocrx_word' id='word_1_228' title='bbox 1271 4043 1505 4106; x_wconf 91' lang='lat' dir='ltr'><strong>honore</strong></span> <span class='ocrx_word' id='word_1_229' title='bbox 1572 4046 1922 4107; x_wconf 76' lang='lat' dir='ltr'><strong>sanctorum</strong></span> <span class='ocrx_word' id='word_1_230' title='bbox 1983 4044 2147 4107; x_wconf 85' lang='lat' dir='ltr'><strong>Petri</strong></span> <span class='ocrx_word' id='word_1_231' title='bbox 2210 4044 2505 4124; x_wconf 88' lang='lat' dir='ltr'><strong>apostoli,</strong></span> <span class='ocrx_word' id='word_1_232' title='bbox 2570 4041 2837 4114; x_wconf 79' lang='lat' dir='ltr'><strong>Nicolai,</strong></span> 
     </span>
     <span class='ocr_line' id='line_1_33' title="bbox 489 4144 2837 4231; baseline -0.001 -21"><span class='ocrx_word' id='word_1_233' title='bbox 489 4144 786 4220; x_wconf 81' lang='lat' dir='ltr'><strong>Vdalrici,</strong></span> <span class='ocrx_word' id='word_1_234' title='bbox 833 4146 1063 4209; x_wconf 85' lang='lat' dir='ltr'><strong>Aurelii</strong></span> <span class='ocrx_word' id='word_1_235' title='bbox 1113 4149 1545 4231; x_wconf 87' lang='lat' dir='ltr'><strong>episcoporum</strong></span> <span class='ocrx_word' id='word_1_236' title='bbox 1592 4155 1657 4212; x_wconf 88' lang='lat' dir='ltr'><strong>et</strong></span> <span class='ocrx_word' id='word_1_237' title='bbox 1701 4149 1855 4212; x_wconf 88' lang='lat' dir='ltr'><strong>Galli</strong></span> <span class='ocrx_word' id='word_1_238' title='bbox 1903 4150 2281 4213; x_wconf 81' lang='lat' dir='ltr'><strong>confessoris</strong></span> <span class='ocrx_word' id='word_1_239' title='bbox 2302 4196 2319 4222; x_wconf 93' lang='lat'><strong>,</strong></span> <span class='ocrx_word' id='word_1_240' title='bbox 2386 4166 2647 4229; x_wconf 82' lang='lat' dir='ltr'><strong>quorum</strong></span> <span class='ocrx_word' id='word_1_241' title='bbox 2688 4149 2837 4209; x_wconf 86' lang='lat' dir='ltr'><strong>reli-</strong></span> 
     </span>
    </p>
   </div>
   <div class='ocr_carea' id='block_1_12' title="bbox 491 4253 2837 4425">
    <p class='ocr_par' dir='ltr' id='par_1_13' title="bbox 491 4253 2837 4425">
     <span class='ocr_line' id='line_1_34' title="bbox 491 4253 2837 4335; baseline -0.001 -20"><span class='ocrx_word' id='word_1_242' title='bbox 491 4255 636 4335; x_wconf 86' lang='lat' dir='ltr'><strong>quie</strong></span> <span class='ocrx_word' id='word_1_243' title='bbox 679 4254 743 4315; x_wconf 89' lang='lat' dir='ltr'><strong>in</strong></span> <span class='ocrx_word' id='word_1_244' title='bbox 791 4270 868 4315; x_wconf 91' lang='lat' dir='ltr'><strong>eo</strong></span> <span class='ocrx_word' id='word_1_245' title='bbox 915 4253 1304 4319; x_wconf 86' lang='lat' dir='ltr'><strong>continentur</strong></span> <span class='ocrx_word' id='word_1_246' title='bbox 1349 4272 1490 4317; x_wconf 88' lang='lat' dir='ltr'><strong>cum</strong></span> <span class='ocrx_word' id='word_1_247' title='bbox 1536 4254 1672 4319; x_wconf 84' lang='lat' dir='ltr'><strong>aliis</strong></span> <span class='ocrx_word' id='word_1_248' title='bbox 1716 4255 1991 4335; x_wconf 84' lang='lat' dir='ltr'><strong>reliquiis</strong></span> <span class='ocrx_word' id='word_1_249' title='bbox 2038 4256 2433 4334; x_wconf 86' lang='lat' dir='ltr'><strong>plurimorum</strong></span> <span class='ocrx_word' id='word_1_250' title='bbox 2482 4260 2837 4317; x_wconf 84' lang='lat' dir='ltr'><strong>sanctorum</strong></span> 
     </span>
     <span class='ocr_line' id='line_1_35' title="bbox 491 4368 962 4425; baseline -0.004 -3"><span class='ocrx_word' id='word_1_251' title='bbox 491 4368 555 4423; x_wconf 85' lang='lat' dir='ltr'><strong>et</strong></span> <span class='ocrx_word' id='word_1_252' title='bbox 597 4368 962 4425; x_wconf 79' lang='lat' dir='ltr'><strong>sanctarum.</strong></span> 
     </span>
    </p>
   </div>
   <div class='ocr_carea' id='block_1_13' title="bbox 2968 1271 2986 2194">
    <p class='ocr_par' dir='ltr' id='par_1_14' title="bbox 2968 1271 2986 2194">
     <span class='ocr_line' id='line_1_36' title="bbox 2968 1271 2986 2194; baseline 0 0"><span class='ocrx_word' id='word_1_253' title='bbox 2968 1271 2986 2194; x_wconf 95' lang='lat' dir='ltr'><strong> </strong></span> 
     </span>
    </p>
   </div>
  </div>
 </body>
</html>
