3009 5009
1496 257 1581 319 22

369 576 507 643 [Fet.
536 572 684 640 1η]
738 564 1006 633 Nomina
1059 562 1370 631 Abbatum
1427 561 1506 629 ad
1562 561 1681 630 alia
1735 560 1873 629 loca
1930 560 2446 630 transmissorum.

543 767 883 847 sigefridus
931 769 1112 831 abbas
1155 766 1236 829 ad
1283 766 1665 828 Scbafbusen
1715 766 1984 828 mittitur.

544 872 883 953 Diepoldus
928 870 1268 952 postemad
1315 871 1584 933 eundem
1627 871 1833 932 locum
1881 862 2052 933 datur
2098 870 2305 933 abbas.

547 978 872 1043 Heinricus
922 981 1106 1041 abbas
1154 978 1232 1041 ad
1279 984 1555 1040 sanctum
1604 976 1937 1057 Georgium
1987 977 2174 1040 datur.

547 1086 936 1149 Diethericus
983 1087 1168 1147 abbas
1215 1082 1292 1147 ad
1337 1084 1772 1147 Petrisshusen'
1813 1084 2170 1147 destinatur.

547 1190 912 1253 Gisilbertus
977 1185 1164 1253 abbas
1226 1189 1302 1253 ad
1346 1190 1633 1269 Hasunga
1694 1192 1986 1261 mittitur,
2056 1196 2118 1252 et
2164 1207 2305 1250 cum
2350 1194 2479 1250 toto
2524 1204 2717 1266 grege

373 1316 524 1370 suo,
579 1313 740 1377 pene
787 1296 1218 1377 quinquaginta
1264 1295 1577 1367 fratribus,
1644 1295 1721 1357 ad
1768 1313 1882 1356 nos
1927 1300 2174 1375 propter
2222 1294 2718 1355 excommunica-

369 1406 601 1467 tionem
661 1405 1016 1475 revertitur,
1083 1404 1224 1482 quia
1279 1404 1344 1463 in
1395 1401 1620 1463 eodem
1666 1403 1803 1462 loco
1853 1419 1961 1462 eos
2008 1420 2133 1489 non
2177 1386 2344 1481 passi
2393 1407 2532 1462 sunt
2576 1416 2717 1480 per-

371 1497 658 1589 manere}
726 1494 844 1571 nisi
891 1510 1315 1571 consentirent
1363 1510 1883 1571 excommunicato
1930 1510 2080 1587 regi.
2176 1507 2411 1582 Quibus
2458 1505 2575 1568 deo
2624 1506 2719 1567 di-

374 1616 572 1679 lectus
619 1622 790 1695 pater
836 1616 1198 1676 wilhelmus
1247 1615 1435 1676 abbas
1485 1615 1704 1676 cellam
1751 1614 2141 1676 Riobenbach
2185 1613 2264 1676 ad
2318 1611 2715 1675 habitandum

372 1724 722 1802 assignauit,
771 1738 1087 1801 quousque
1135 1738 1460 1799 prauorum
1505 1722 1979 1799 conquiesceret
2023 1720 2198 1784 liuor.
2293 1718 2512 1781 Postea
2547 1717 2720 1779 idem

376 1826 743 1890 Gisilbertus
791 1827 1054 1887 cenobio
1102 1825 1757 1889 Rinhartssbrunnensi
1802 1823 2131 1905 preficitur,
2180 1842 2321 1888 cum
2369 1842 2489 1905 quo
2536 1825 2724 1888 etiam

374 1933 814 2007 monasterium
861 1930 938 1991 ad
985 1930 1289 2010 Ertpfurth
1337 1930 1782 2009 procurandum
1828 1932 2117 2011 suscepit.
2556 1950 2561 1955 ·

550 2038 898 2115 Nothgerus
945 2038 1132 2099 abbas
1178 2036 1256 2098 ad
1299 2018 1589 2099 Ziviualta
1633 2040 1943 2099 mittitur..

551 2142 901 2209 Gotet'ridus
947 2149 1164 2224 postea
1209 2144 1286 2207 ad
1334 2144 1602 2206 eundem
1647 2145 1873 2207 locum.
1988 2141 1993 2145 ’

553 2248 902 2317 Guntherus
947 2250 1132 2324 abbas
1179 2249 1262 2311 ad
1306 2249 1623 2330 camberg.

553 2354 861 2417 Adalbero
909 2354 1096 2417 abbas
1145 2353 1222 2415 ad
1267 2355 1735 2433 cellamsancti
1778 2355 1959 2419 Petri.

554 2461 834 2523 Welicho
881 2462 1070 2524 abbas
1115 2460 1516 2527 mmmm-ff.
1552 2460 1595 2543 ¹)
1971 2452 1984 2458 ”

549 2567 843 2633 Azelinus
893 2566 1082 2629 abbas
1127 2566 1204 2629 ad
1248 2568 1506 2631 Burren.

555 2670 701 2739 Otto
745 2673 932 2739 abbas
981 2672 1060 2737 ad
1108 2672 1376 2749 eundem
1421 2674 1626 2735 locum
1672 2672 1861 2743 datur,
1918 2690 2058 2735 cum
2104 2691 2223 2752 quo
2270 2676 2485 2793 postea
2518 2684 2723 2733 ceno·

376 2780 546 2841 bium
593 2776 672 2839 ad
717 2776 966 2839 Rinowa
1011 2780 1360 2856 suscepit.

553 2882 942 2947 Hilteboldus
989 2883 1173 2947 abbas
1219 2884 1298 2946 ad
1341 2819 1719 2963 Maideburg.

2335 2426 2422 2457 w>

551 2992 728 3072 Hugo
773 2987 974 3055 abbas
1003 2997 1222 3071 postea
1259 2991 1336 3053 ad
1385 2991 1683 3061 eundem
1699 2991 1903 3052 locum
1948 2990 2140 3055 datur.
2176 3027 2181 3032 ,
2272 3036 2277 3041 ·

551 3096 988 3167 Erckinboldus
1033 3096 1220 3158 abbas
1268 3096 1347 3159 ad
1391 3096 1831 3175 Hughshouen.

462 3220 469 3228 ’
551 3200 990 3265 urano-abhas
1035 3200 1114 3264 ad
1161 3198 1428 3264 eundem
1474 3200 1685 3265 locum
1729 3199 1923 3261 datur.
1946 3201 1983 3279 Η

379 3316 514 3381 [Ful.
544 3310 702 3379 18·.]
749 3306 984 3367 Wecilo
1033 3304 1218 3367 abbas
1266 3303 1342 3391 ad
1387 3304 1601 3377 Lauen
1646 3308 1709 3365 in
1753 3306 2070 3385 prouincia
2118 3304 2600 3367 carentinorum.

556 3413 908 3492 ›Sigew'inus
955 3412 1142 3485 abbas
1189 3412 1264 3475 ad
1310 3400 1529 3489 Rosatz,
1574 3411 1733 3475 iuxta
1776 3412 2135 3491 Aquileiam.
2170 3438 2179 3444 ·
2212 3411 2329 3473 Hic
2372 3412 2724 3493 sigewinus

379 3536 520 3581 cum
573 3512 724 3590 alio,
786 3519 1042 3579 nomine
1090 3515 1430 3581 Gaudentio
1451 3564 1468 3589 ‚
1519 3536 1662 3579 cum
1708 3516 1933 3580 domno
1974 3516 2319 3579 -Wetzilone
2368 3517 2722 3595 supradicto

376 3626 553 3687 missi
587 3625 844 3695 fuerant,
895 3632 958 3687 et
1000 3631 1250 3703 vterque
1277 3610 1591 3687 abbacias
1630 3626 1863 3705 absque
1910 3625 2212 3706 permissu
2260 3623 2493 3687 abbatis
2541 3640 2720 3685 acce-

374 3726 614 3809 parunt.
699 3730 1040 3808 sigewinus
1089 3736 1294 3791 autem
1341 3748 1449 3809 pro
1495 3730 1658 3797 facto
1707 3722 2109 3807 compunctus
2158 3727 2237 3789 ad
2284 3732 2721 3799 monasterium

376 3834 729 3905 reuertitur;
805 3850 990 3912 quem
1055 3833 1241 3897 abbas
1291 3832 1684 3921 Gebehardus
1708 3832 1813 3897 „ead
1858 3832 2371 3912 comprobandam
2418 3826 2722 3912 penitudi-

375 3959 520 4002 nem
567 3940 816 4002 eiusin
861 3938 1069 3999 vltimo
1115 3937 1254 3998 loco
1301 3940 1807 4017 congregationis-v
1838 3935 2059 4000 sedere
2106 3938 2273 4000 fecit.
2312 3938 2531 4013 'Quod
2580 3958 2723 4001 cum

378 4045 691 4109 humiliter
738 4045 884 4105 eum'
927 4042 1184 4105 sufferre
1231 4043 1485 4117 videret,
1534 4048 1776 4124 proprio
1822 4044 1995 4106 illum
2042 4046 2189 4125 loco⁸
2226 4047 2550 4107 restituere
2598 4064 2723 4107 non

381 4150 635 4214 distulit.
727 4145 1100 4211 Gaudentius
1146 4167 1290 4212 vero
1337 4167 1455 4211 nec
1501 4152 1777 4229 penituit,
1827 4170 1955 4212 nec·
1990 4152 2255 4231 gratiam
2286 4152 2547 4214 fratrum
2580 4168 2721 4213 suo-

479 4330 486 4335 *
530 4362 584 4427 1)
625 4363 723 4412 Αἰιι
761 4360 940 4413 Raude
979 4358 1269 4427 beigesetzt
1305 4377 1405 4415 von
1449 4364 1689 4430 spltt'erer
1724 4362 1905 4417 Hand:
1942 4362 2035 4415 alii
2070 4362 2333 4417 Welehio.

2962 4648 2981 4983 μ--μ
2979 4600 2980 4613 ᾼ
2978 4571 2980 4589 -,
2978 4493 2980 4498 .
