3009 5009
1361 297 1450 368 95

225 476 586 544 obedientie
606 523 624 551 ‚
689 493 874 559 quem
935 495 1075 542 cum
1132 477 1260 542 suis
1313 479 1601 544 omnibus
1658 475 1865 540 eidem
1919 476 2059 538 loco
2102 477 2163 540 in
2208 473 2572 544 adiutorium

225 586 678 649 concessimus.
767 583 958 648 Exstit
1011 586 1192 664 igitur
1235 569 1633 649 idemsl'irnst
1673 585 1813 648 loco
1862 590 1925 646 et
1968 583 2250 646 fratribus
2295 585 2578 662 prouisor

227 699 290 754 et
335 693 510 772 quasi
555 699 730 773 pater
775 691 1112 765 secundus,
1159 692 1262 772 qui
1310 691 1390 756 ad
1437 692 1847 776 extirpandum
1894 691 2147 763 siluam,
2196 689 2274 755 ad
2317 709 2576 770 purgan-

225 798 373 859 dum
418 797 665 870 locum,
731 793 808 859 ad
865 794 1274 876 edificandam
1333 796 1595 870 cellam,
1662 795 1741 858 ad
1788 793 2237 858 construendas
2284 793 2578 869 officinas,

225 903 484 966 maxime
551 901 686 980 ipse
749 917 892 962 suas
950 903 1264 981 impensas
1325 900 1532 975 dedit,
1600 909 1663 974 et
1706 887 2106 984 vndequaque
2154 906 2581 979 competenter

229 1009 574 1089 acquisiuit.
639 1007 750 1069 Sui
797 1025 944 1088 ergo
989 1017 1428 1090 parentumque
1475 1009 1692 1089 ipsius,
1740 1011 1902 1072 sicut
1936 1025 2137 1070 meam
2176 1025 2579 1089 meorumque

227 1115 602 1184 memoriam·
649 1114 882 1176 ibidem
948 1116 1260 1178 celebrem
1322 1114 1574 1189 haberi,
1642 1116 1897 1196 dignum
1942 1115 2209 1178 indicaui
2254 1115 2577 1194 libensque

226 1221 484 1283 firmani.
575 1220 738 1282 Sane
800 1223 1063 1300 positum
1111 1230 1216 1292 est
1251 1221 1719 1286 fundamentum
1767 1223 2037 1285 ecclesie
2084 1240 2245 1284 anno
2292 1220 2577 1302 sequenti

227 1333 291 1388 et
342 1327 495 1388 inira
548 1331 674 1387 tres
735 1343 926 1388 annos
975 1333 1456 1390 consummat&⁴
1507 1327 1687 1389 Anno
1732 1325 2104 1392 mxxxvi.
2152 1325 2435 1390 dedicata
2483 1333 2581 1390 est

229 1451 263 1496 a
313 1432 698 1506 Gebehardo‚
749 1434 1226 1497 Constantiensi-
1249 1437 1567 1515 episeopo.
1616 1435 1942 1498 Tenninus
1990 1441 2197 1497 autem
2242 1432 2523 1498 eiusdem
2548 1429 2574 1517 Η

228 1541 354 1602 loci
415 1546 513 1601 est
573 1555 790 1601 versus
846 1537 1234 1613 occidentem
1290 1558 1480 1620 vsque
1528 1540 1593 1616 iu
1642 1540 1915 1603 medium
1959 1539 2195 1620 Mul-ge,
2246 1545 2577 1614 [rotem]

225 1663 446 1708 versus
511 1645 997 1725 septentrionem
1055 1663 1248 1726 Vsque
1301 1647 1366 1707 in
1421 1646 1852 1718 Richeubach,
1914 1661 2129 1707 versus
2176 1643 2579 1706 meridianam

223 1753 472 1833 plagam
535 1769 726 1831 vsque
771 1754 856 1816 ein
907 1750 1284 1832 Mugespacb
1341 1758 1406 1814 et
1455 1770 1646 1834 vsque
1695 1752 1759 1814 in
1800 1751 2097 1814 verticem
2132 1750 2405 1828 montis,
2469 1750 2571 1830 q'ui

206 1859 546 1939 -Brugberg
601 1859 857 1930 dicitur,
921 1861 988 1921 in
1047 1875 1166 1939 quo
1225 1860 1408 1922 etiam
1457 1859 1617 1921 cella
1662 1859 1725 1920 in
1771 1859 2005 1922 honore
2052 1856 2336 1921 eiusdem
2367 1856 2581 1922 sancti

227 1965 508 2044 Gregorii
555 1971 649 2027 est
697 1970 1062 2058 constructa,
1111 1962 1190 2026 ad
1237 1981 1417 2046 quam
1463 1964 1632 2057 idem
1678 1964 1841 2027 Bern
1888 1963 2097 2052 senior
2140 1960 2311 2024 dedit
2354 1963 2581 2026 hubam

227 2088 409 2136 vnam
456 2073 520 2134 in
568 2058 938 2135 Vischbach.
1051 2061 1054 2064 ’

629 2243 765 2320 De
803 2243 1074 2334 mam
1117 2243 1337 2310 eadm
1379 2241 1801 2336 mammo
1848 2223 2155 2326 ιὼαιιειει,

411 2386 664 2459 Locum,
711 2388 774 2448 in
825 2405 946 2468 quo
995 2387 1154 2449 cella
1197 2387 1388 2451 sancti
1435 2385 1717 2476 Gregorii
1764 2388 1879 2450 sita
1929 2394 2043 2460 est,
2092 2384 2263 2451 dedit
2294 2385 2455 2450 Bern
2502 2385 2579 2449 de

229 2494 579 2558 vischbach
643 2496 876 2558 sanctis
941 2494 1267 2574 apostolis
1301 2493 1519 2558 Petro
1550 2499 1615 2558 et
1676 2493 1859 2556 Paule
1926 2501 2265 2576 sanctoque
2329 2493 2583 2558 Aurelio

229 2600 520 2682 pontifici
549 2599 876 2706 Hirsaugie
923 2600 1176 2673 eodem,
1223 2619 1346 2681 quo
1391 2603 1527 2681 ipse
1574 2601 1739 2664 hunc
1778 2603 1916 2664 iure
1947 2601 2367 2688 possederat,
2412 2602 2584 2665 firma

231 2708 564 2770 stabilitate
613 2723 753 2773 cum
801 2723 1112 2768 consensu
1157 2709 1357 2772 vxeris
1403 2726 1517 2772 sue
1565 2715 1629 2772 et
1672 2707 1783 2770 filii
1828 2727 1909 2772 eo
1953 2717 2154 2789 pacto,
2198 2716 2262 2773 vt
2300 2711 2447 2774 inibi
2486 2709 2587 2773 dei

233 2815 572 2877 seruicium
613 2814 1050 2877 institueretur.
1119 2813 1301 2889 Quod
1339 2817 1443 2895 pie
1481 2813 1923 2879 recordationis
1959 2823 2137 2896 pater
2159 2815 2585 2878 willehelmus

235 2937 428 2999 opere
497 2919 858 2998 compleuit,
899 2923 990 2980 et
1039 2920 1102 2980 in
1162 2919 1305 2980 hoc
1337 2919 1545 2982 labore
1609 2925 2073 3016 cooperatorem
2116 2921 2267 2983 sibi
2282 2921 2589 2983 coniunxit

232 3027 645 3096 Ernestonem
692 3026 770 3088 de
817 3025 956 3087 villa
993 3023 1372 3098 ehenheim,
1407 3043 1541 3106 que
1588 3027 1703 3088 sita
1752 3033 1849 3088 est
1892 3027 1953 3087 in
1999 3027 2303 3088 territorio
2330 3024 2588 3104 Mogun-

233 3135 482 3198 tinensi.
579 3111 700 3207 Qu'i
745 3133 928 3195 Ernst
973 3139 1034 3195 et
1091 3132 1256 3195 filius
1302 3134 1531 3195 sororis
1580 3133 1710 3196 eius
1756 3130 2055 3196 Volradus
2104 3131 2409 3194 dederunt
2452 3132 2586 3195 Hir·

239 3241 553 3320 saugiensi
599 3241 974 3302 monasterio
1020 3237 1228 3320 predia
1271 3239 1334 3300 in
1381 3239 1619 3302 duobus
1664 3239 1839 3311 locis,
1888 3239 2129 3303 scilicet
2172 3239 2235 3302 in
2279 3239 2590 3302 Isenheim

239 3356 309 3412 et
355 3348 438 3416 in,
464 3345 1018 3419 Reimerssheim„
1047 3364 1164 3426 que
1224 3346 1346 3408 duo
1403 3345 1617 3426 predia
1664 3347 1726 3408 in
1774 3337 2199 3409 concambium
2246 3345 2587 3420 data-sunt,

239 3452 555 3515 Isenheim
599 3470 708 3532 pro
747 3451 1048 3514 Sultzowa
1079 3450 1452 3523 et-lmnowa,
1499 3451 1987 3518 Reimerssheim
2013 3471 2121 3531 pro
2148 3452 2379 3530 predio,
2427 3450 2591 3534 quod

241 3562 310 3621 in
354 3558 676 3636 Ditzingen
725 3559 910 3620 situm
957 3563 1070 3619 est.
1163 3555 1293 3618 Sed
1337 3557 1456 3618 hec
1503 3555 1625 3618 duo
1670 3556 1881 3636 predia
1922 3553 2201 3618 fratribus
2250 3545 2327 3618 de
2374 3565 2589 3620 sancto

245 3666 542 3746 Gregorio
587 3683 698 3744 pro
745 3665 929 3744 gratia
975 3671 1037 3726 et
1081 3662 1340 3724 fraterna
1383 3665 1816 3743 compassione
1854 3670 2069 3743 postea
2096 3681 2399 3726 concessa
2428 3669 2589 3724 sunt.

239 3773 532 3836 Preterea
581 3790 654 3833 ex
699 3763 1072 3833 monasterio
1119 3770 1546 3849 Hirsaugiensi
1592 3769 1682 3830 eis
1740 3787 2039 3832 concessa
2086 3777 2243 3832 sunte
2270 3769 2495 3850 predia·
2527 3769 2591 3830 in

244 3877 624 3942 Obernkeim
673 3882 738 3938 et
781 3875 1016 3948 Husen‚
1059 3873 1343 3954 predium
1387 3875 1464 3942 in,
1492 3874 1890 3947 Vsenhusen,
1939 3873 2103 3955 quod
2146 3871 2463 3939 Diemarus
2512 3873 2591 3939 de

241 3983 490 4048 Triuels
521 3982 686 4048 dedit
703 3979 1054 4063 Hirsaugie3
1093 3983 1158 4044 in
1174 3982 1480 4063 Brisgowa
1512 3981 1721 4062 predia
1758 3981 1834 4044 ad
1850 3981 2167 4062 Endingeu
2198 3983 2231 4062 ΙΙ
2261 3991 2591 4056 [ποιῶσι]

247 4097 316 4151 et
339 4087 678 4161 Forcheim‚
721 4087 798 4149 ad
826 4085 1103 4150 Mertstal
1145 4093 1209 4148 et
1234 4086 1577 4158 Bienheim,
1615 4087 1693 4148 ad
1720 4087 2033 4150 Nieueren
2080 4093 2142 4149 et
2176 4088 2241 4148 in
2266 4090 2593 4166 Argossin-

245 4208 400 4274 gem
434 4195 500 4262 in
529 4192 934 4272 Goteluiugen
964 4189 1246 4272 predium
1273 4192 1506 4252 bonum
1536 4198 1601 4254 et
1628 4191 1991 4263 ecclesiam3
2022 4193 2084 4262 in
2108 4190 2263 4254 Grur
2288 4190 2593 4270 predium3

247 4303 316 4362 in
371 4299 782 4364 Herschwiler
837 4305 1112 4380 quatuor.
1148 4296 1374 4369 hubas3
1429 4298 1492 4358 in
1546 4295 2053 4360 Kelwersshusen
2104 4297 2211 4362 XV
2256 4297 2475 4367 hubas;
2529 4296 2593 4356 in

247 4404 852 4485 Wasteburgsswiler
887 4402 1342 4476 molendinum
1395 4403 1456 4464 in
1505 4401 1653 4464 Owa
1700 4419 1875 4465 vnam
1925 4401 2177 4466 salicam
2222 4408 2481 4473 ten-aim
2526 4402 2593 4463 in
