3009 5009
1283 1130 1534 1345 [nr]

228 1536 332 1604 De
391 1522 858 1606 consecratione
911 1536 1161 1607 maioris
1213 1536 1573 1607 monasterii
1625 1536 1822 1605 nostri
1874 1534 2179 1607 Hirssow.
2236 1542 2566 1613 [uolat-,1

409 1810 586 1873 Anno
651 1811 962 1873 dominice
1025 1810 1456 1873 incarnationis
1516 1808 1847 1872 millesimo
1907 1810 2309 1889 nonagesimo
2352 1808 2567 1889 primo,

228 1912 576 1978 Indictione
643 1921 856 1993 quarta
920 1913 1162 1976 decima
1182 1958 1200 1985 ,
1231 1920 1434 1976 sexto
1498 1931 1695 1977 nonas
1739 1912 1925 1985 Maii,
1992 1930 2062 1980 ex
2108 1914 2463 1977 auctoritato
2509 1921 2575 1977 ct

227 2026 526 2100 precepto
573 2016 803 2080 domini
847 2018 1005 2099 Pape
1052 2019 1272 2083 Vrbani
1315 2017 1573 2081 secundi
1617 2016 1899 2081 dedicata
1959 2026 2055 2081 est
2110 2020 2365 2082 basilica
2408 2019 2565 2082 San-

227 2105 473 2185 ctorum
499 2123 929 2203 Apostolorum
952 2123 1113 2186 Petri
1161 2129 1224 2185 et
1257 2113 1424 2186 Pauli
1458 2142 1492 2185 a
1529 2123 1863 2187 venerabili
1908 2122 2135 2185 domno
2182 2122 2565 2199 Gebebardo,

223 2226 682 2289 constantiensi
729 2231 1054 2309 episcopo,
1110 2226 1428 2291 adiuuante
1473 2229 1819 2291 honorabili
1851 2228 2099 2310 presule
2135 2229 2569 2292 wormatiensi

223 2334 581 2408 Adalberto,
627 2336 693 2395 in
736 2338 986 2397 nomine
1033 2343 1244 2399 sancte
1291 2343 1353 2397 et
1393 2330 1709 2399 indiuiduo
1756 2336 2071 2407 trinitatis,
2118 2342 2183 2397 et
2226 2335 2289 2397 in
2334 2335 2569 2398 honore

225 2446 446 2503 sancte
511 2449 572 2503 et
631 2442 1130 2511 victoriosissime
1196 2445 1392 2505 crucis
1450 2443 1801 2523 Sancteque
1850 2440 1949 2504 dei
1995 2442 2305 2523 genitricis
2352 2440 2567 2514 Mario,

227 2552 292 2607 et
353 2546 648 2626 precipue
711 2547 1074 2610 Sanctorum
1132 2548 1564 2627 Apostolorum
1626 2548 1789 2611 Petri
1848 2554 1913 2609 et
1968 2544 2137 2609 Pauli
2156 2592 2173 2620 ,
2208 2546 2567 2629 'sanctique

225 2651 481 2723 Aurelii,
527 2652 804 2733 episcopi
852 2659 916 2715 et
959 2653 1352 2725 confessoris,
1401 2660 1463 2716 et
1507 2654 1783 2716 omnium
1830 2650 2209 2715 Sanctorum.

1065 2824 1317 2894 Altare
1373 2844 1733 2893 summum.

413 2968 816 3032 Continentur
859 2976 1069 3032 autem·
1109 2970 1170 3031 in
1219 2970 1524 3032 dominico
1570 2970 1742 3031 altari
1789 2967 2134 3031 venerande
2179 2968 2441 3049 reliquie
2487 2967 2567 3029 do

229 3072 532 3151 sanguine
597 3072 828 3139 domini
847 3118 864 3147 ,
931 3073 1009 3136 de
1069 3073 1366 3147 sindone,
1431 3072 1506 3136 de
1572 3074 1757 3153 pallio
1818 3080 2039 3135 sancte
2092 3072 2195 3135 dei
2258 3074 2567 3152 genitricis

228 3176 453 3251 Marie3
497 3179 776 3259 reliquie
843 3181 1042 3242 sancti
1088 3179 1266 3242 -Petri
1329 3180 1587 3259 apostoli
1654 3186 1717 3242 et
1770 3180 1965 3241 sancti
2006 3177 2234 3241 Mathis
2290 3180 2567 3259 apostoli,

228 3281 445 3355 Blasii,
491 3282 858 3363 Leudegarii
877 3330 894 3357 ‚
943 3284 1280 3358 Saturnini,
1329 3283 1611 3357 Genesii‚
1656 3284 1951 3356 Faustini,
1998 3284 2335 3356 Fortunati,
2396 3285 2567 3361 Iusti,

229 3386 426 3461 Probi,
471 3388 708 3459 Albani,
752 3386 986 3450 Kastuli
1002 3433 1020 3460 ,
1065 3387 1286 3452 Kiliani
1307 3433 1324 3461 ,
1370 3388 1717 3450 Allexandri
1764 3396 1829 3449 et
1873 3389 2179 3449 sociorum
2224 3388 2358 3449 eius
2374 3434 2392 3461 ,
2440 3388 2567 3451 Ma·

229 3497 425 3567 terni,
472 3496 734 3568 Valerii,
781 3496 1047 3565 Aurelii,
1093 3490 1435 3565 Eustachii,
1481 3492 1725 3555 Erhardi
1742 3539 1759 3564 ,
1806 3492 2075 3555 Vdalrici
2118 3492 2569 3565 confessoriam

231 3598 574 3691 Anastasio,
619 3599 988 3679 Margarete,
1029 3598 1258 3660 Basille
1307 3604 1370 3659 et
1413 3596 1819 3678 Radegundis,
1866 3597 2083 3675 regine
2128 3596 2401 3659 Francic.

629 3772 882 3841 Altare
923 3728 1162 3841 ennete
1205 3758 1439 3839 crucis
1478 3771 1560 3839 in
1602 3770 1821 3841 medio
1858 3769 2159 3877 ecclesie.

403 3916 606 3980 Altare
666 3924 880 3979 sancte
936 3919 1140 3979 erucis
1200 3925 1629 3981 consecratum
1689 3925 1787 3980 est
1840 3923 2011 3981 sexto
2070 3934 2263 3979 nonas
2310 3915 2455 3980 Maii
2502 3919 2567 3979 in

236 4020 468 4085 honore
525 4031 734 4086 sancte
795 4023 994 4085 crucis
1045 4032 1105 4087 et
1151 4028 1352 4093 sancti
1395 4025 1639 4088 loannis
1683 4022 1963 4105 baptiste.
2056 4025 2461 4087 Continentur
2504 4023 2567 4083 in

237 4128 454 4192 eodem
513 4131 684 4193 altari
746 4131 1006 4211 reliquie
1065 4110 1346 4194 eiusdem
1402 4139 1615 4196 sancte
1679 4133 1875 4193 crucis
1943 4136 2007 4193 et
2067 4132 2262 4194 sancti
2324 4131 2566 4193 Ioannis

235 4218 525 4311 baptiste,
571 4234 818 4299 Mathie-
845 4236 1124 4315 apostoli,
1174 4237 1440 4299 Cornelii
1482 4254 1662 4317 pape,
1707 4237 1961 4308 Euentfi,
2008 4235 2329 4307 Theodoli,
2376 4224 2569 4296 Sanc·

235 4343 430 4403 torum
476 4343 874 4405 innocentum
893 4387 911 4414 ,
976 4344 1236 4406 Dionisii
1257 4388 1274 4416 ,
1337 4342 1589 4406 Genesii
1610 4387 1627 4416 ,
1694 4344 1909 4405 Donati
1929 4388 1944 4414 ‚
2008 4342 2287 4421 Exuperii
2306 4384 2323 4411 ,
2372 4340 2563 4415 Sigis-
