3009 5009
1397 293 1484 360 83

265 473 378 532 tim
425 468 526 532 die
571 469 774 532 obitus
819 469 936 532 sui.
1031 467 1136 534 Bo
1189 485 1336 534 vero
1399 469 1480 532 de
1528 469 1735 534 medio
1782 471 1941 538 lacto
1954 515 1971 544 ,
2038 473 2371 556 corporalis
2428 473 2615 536 frater

269 579 484 656 ipsius,
523 583 736 638 noster
769 593 918 640 vero
967 576 1296 656 spiritualis
1334 575 1519 640 frater
1548 576 1742 668 ‘Hugo
1788 579 2007 638 curtim
2050 577 2327 640 vendidit
2370 586 2433 640 et
2475 597 2613 660 pre-

267 684 430 744 cium
477 671 646 754 eius‘,
703 682 982 745 sedecim
1029 682 1321 748 videlieet
1367 702 1635 757 marcas,
1680 685 2015 748 camerario
2060 693 2271 747 nostro
2315 685 2617 765 Diepoldo

267 786 517 850 tradidit
564 805 641 848 eo
687 795 897 866 paeto,
962 796 1022 850 vt
1079 794 1203 852 tam
1269 791 1420 868 ipse·
1469 804 1649 870 quam
1706 805 2109 852 successores
2170 791 2305 851 eius
2364 791 2617 870 singulis

271 893 444 955 annis
494 910 671 972 vnam
719 891 1030 956 carradam
1089 893 1212 956 vini
1251 892 1456 956 fratris
1518 894 1617 954 sui
1662 894 2077 956 anniuersario
2122 893 2151 972 ΙΙ
2194 895 2256 955 in
2292 903 2431 968 [Ful.
2460 901 2613 972 ωτι]

269 999 604 1060 seruicium
659 998 908 1061 fratrum
957 997 1436 1064 distribuendam
1501 999 1681 1060 nobis
1726 1008 2085 1079 presentent
2146 1002 2211 1063 in
2254 1001 2621 1066 Pfortzbeim

273 1107 334 1167 in
383 1105 556 1166 festo·
583 1106 778 1165 sancti
823 1101 1084 1168 Martini.
1121 1103 1370 1178 Verum
1415 1121 1496 1164 ne
1544 1104 1697 1165 forte
1746 1107 2213 1180 suecessoribus
2260 1109 2389 1168 suis
2432 1126 2621 1190 graue

271 1209 602 1280 videretur,
643 1217 704 1270 et
751 1227 860 1270 cur
903 1210 1002 1271 vel
1046 1208 1216 1286 vnde,
1245 1208 1376 1270 fieri
1411 1208 1667 1271 deberet
1710 1218 2139 1284 causarentur,
2164 1213 2626 1292 quatuordecim

275 1333 512 1376 mareas
559 1331 744 1394 supra
809 1323 1176 1376 memoratas
1235 1333 1354 1394 pro.
1399 1315 1595 1377 tribus
1654 1316 1922 1394 partibus
1968 1317 2307 1389 vinearum,
2374 1337 2623 1398 quarum

275 1441 390 1486 vna
427 1422 718 1492 Ruthardi
764 1424 942 1484 vinea
989 1421 1242 1494 dicitur,
1297 1423 1486 1484 altera
1530 1421 1805 1484 Mareolfi
1850 1429 1917 1484 et
1960 1441 2145 1486 secus
2188 1425 2450 1500 vallem,
2504 1445 2623 1506 que

276 1530 606 1598 Dieffental
651 1528 874 1596 dicitur
894 1577 910 1603 ,
959 1537 1056 1594 est
1107 1533 1256 1603 sita,
1307 1529 1611 1601 distraxit,
1659 1535 1720 1592 vt
1769 1529 2028 1592 euidens
2075 1536 2339 1611 posteris
2385 1541 2629 1596 maneat

277 1637 574 1699 indicium
594 1681 611 1709 ,
655 1634 816 1698 vnde
835 1693 846 1708 ,
865 1634 1135 1698 debitum
1180 1634 1330 1716 illud
1359 1637 1458 1698 'sit
1501 1635 2004 1715 persoluendum.

1252 1807 1673 1897 Gernnqm.
1758 1835 1763 1839 ·

459 1951 604 2020 Post
647 1951 1022 2034 aliquantum
1057 1951 1352 2032 temporis
1396 1952 1745 2024 Heinricus,
1792 1951 2049 2032 predicti
2094 1951 2301 2014 domni
2343 1947 2633 2014 Ruthardi

281 2055 620 2133 stati-uelis,
669 2060 773 2140 qui
819 2061 1064 2139 etipse
1113 2061 1447 2121 eanonicus
1495 2055 1607 2121 fuit
1631 2056 1993 2150 Moguneie3
2040 2057 2373 2120 duodecim
2410 2059 2634 2120 talenta

283 2163 552 2244 Bugoni,
611 2179 796 2243 quem
843 2170 1023 2227 antea
1069 2163 1592 2235 memor-animus,
1629 2161 1876 2224 tradidit
1928 2168 1989 2224 et
2044 2179 2129 2223 ex·
2164 2161 2310 2224 inde
2346 2161 2627 2240 predium

285 2268 534 2352 aliquod
579 2271 644 2330 in
700 2270 972 2342 Sweuia,
1041 2252 1177 2349 quo
1209 2267 1665 2330 anniuersarias
1711 2285 1898 2340 snus,
1964 2267 2016 2328 si
2078 2265 2321 2347 quando
2368 2273 2629 2330 mortem

287 2376 574 2447 obiisset,
625 2375 1076 2448 celebraretur,
1135 2376 1470 2453 ‘compacati
1526 2359 1826 2455 rogauit.'
1896 2371 2075 2448 Quod
2126 2380 2189 2435 et
2230 2373 2459 2434 factum
2518 2381 2631 2436 est.

289 2481 446 2546 Nam
511 2481 774 2543 domnus
832 2481 1067 2560 Hugos
1097 2487 1348 2561 patruus
1414 2482 1647 2560 ipsius,
1704 2480 1815 2542 tria
1871 2481 2079 2560 iugera
2138 2480 2452 2542 vinearum
2516 2479 2637 2541 hoe

291 2595 543 2682 argento
607 2587 668 2647 in
717 2584 1056 2665 Gerringen
1111 2603 1144 2646 a
1203 2584 1463 2665 quodam
1510 2586 1841 2647 Wortwino
1906 2591 1969 2648 et
2032 2587 2167 2650 eius
2215 2592 2472 2664 nepote,
2536 2585 2637 2665 qui

247 2694 582 2773 ,Wort-win
625 2677 855 2755 Mulieh
910 2691 1264 2763 dicebatur,
1323 2693 1505 2765 emit,
1575 2700 1637 2754 et
1694 2690 1984 2773 quiequid
2050 2693 2111 2752 in
2172 2692 2269 2752 his
2328 2692 2639 2774 iugeribus

291 2801 564 2864 necdum
621 2801 928 2864 excultum
991 2798 1142 2879 fuit,
1203 2811 1422 2861 annuo
1465 2797 1746 2860 eiusdem
1798 2799 1981 2860 vineti
2042 2799 2239 2860 fructu
2306 2800 2511 2861 colere
2576 2804 2642 2860 et

291 2907 619 2970 meliorare
671 2906 896 2966 statuit.
989 2904 1121 2967 Hee
1159 2905 1358 2966 omnia
1413 2903 1677 2966 domnus
1702 2901 1905 2964 abbas
1942 2901 2342 2982 manegoldus
2381 2919 2640 2965 assensu

295 3013 502 3076 tocius
539 3018 884 3075 conuentus
920 3010 1190 3073 laudauit
1237 3015 1299 3072 et
1345 3008 1835 3106 irrefragabiliter
1880 3007 2283 3070 confirmauit.

1237 3175 1244 3182 ⁵
1311 3183 1621 3251 Zutren.

481 3327 694 3390 Sciant
749 3344 966 3388 omne-s
995 3334 1147 3389 'tam
1194 3334 1404 3404 nostre
1453 3345 1631 3408 quam
1677 3325 1879 3388 future
1940 3328 2120 3388 etatis
2166 3325 2384 3387 fideles
2403 3351 2447 3398 ,-
2480 3324 2647 3406 quod

298 3434 712 3526 Iliportus-de
770 3434 1104 3515 Duwingen
1159 3435 1430 3496 vinetum
1455 3434 1655 3495 buius
1703 3432 1821 3497 loci
1870 3431 2153 3512 fratribus
2212 3429 2369 3510 apud
2421 3429 2649 3496 Zutren

301 3543 366 3602 in
427 3546 672 3609 monte,
758 3542 860 3620 qui
940 3539 1162 3601 dieitur
1223 3537 1630 3616 Hohenberg,
1690 3537 1903 3626 ,viginti
1959 3537 2208 3597 talentis
2264 3531 2650 3615 comparauit,

306 3646 475 3727 quod
511 3646 736 3708 domno
764 3645 1066 3726 Diepoldo
1097 3662 1165 3706 ca
1198 3645 1226 3722 ΙΙ
1256 3644 1517 3705 merario
1554 3648 1773 3720 nostro.
1798 3660 1873 3702 eo
1908 3646 2090 3720 pacto
2130 3659 2297 3700 eom·
2328 3649 2463 3715 [ποι.
2492 3647 2649 3716 ὅτι]

305 3751 586 3815 mendari
643 3753 916 3834 rogauit,
983 3759 1045 3814 vt
1107 3758 1231 3814 tam
1294 3753 1429 3830 ipse
1491 3767 1676 3829 quam
1722 3764 2151 3810 successores·
2190 3749 2286 3808 sui
2343 3747 2653 3812 annuatim

305 3858 648 3921 carradam·
680 3858 804 3920 vini
869 3856 946 3918 de
1012 3856 1130 3934 hoc
1182 3843 1643 3952 iusseruicium
1714 3852 1963 3913 fratrum
2030 3851 2402 3931 persoluent.
2522 3850 2657 3915 Alia

308 3981 549 4058 quojque
597 3963 806 4042 viginti
844 3961 1070 4030 talenta
1111 3957 1272 4022 huic?
1299 3943 1676 4022 monasterio
1724 3957 2007 4028 eontulit,
2058 3968 2175 4037 'que
2224 3956 2499 4036 predicte
2548 3959 2654 4019 ob-

305 4069 524 4131 lationi
563 4069 694 4129 eius
741 4064 1268 4146 ascriptafaeiunt
1315 4064 1708 4146 quadr-aginta
1760 4061 1879 4124 duo
1926 4062 2213 4124 talenta..
2267 4061 2399 4125 Hec
2449 4070 2512 4128 et
2546 4061 2658 4122 alia

308 4177 484 4256 plura
525 4173 828 4238 beneficia
873 4174 1049 4235 nobis
1097 4172 1212 4234 sub
1277 4171 1389 4232 hac
1445 4170 1795 4232 conditione
1856 4169 2145 4240 contulit,
2207 4175 2301 4239 vt,
2367 4170 2421 4229 si
2486 4167 2656 4227 viuus

311 4281 389 4343 ad
426 4299 544 4342 nos
587 4280 900 4350 venisset,
965 4279 1028 4340 in
1076 4276 1464 4339 consorcium
1512 4281 1787 4336 nostrum
1835 4275 2242 4352 reciperetur,
2304 4272 2403 4334 sin
2452 4278 2657 4332 autem

2153 4373 2235 4426 6*
