3009 5009
1359 310 1438 374 17

224 478 530 553 liberalis,
574 484 1038 545 monasterium
1098 500 1242 545 aere
1297 490 1613 564 grauatum
1672 486 1876 549 alieno
1923 488 2295 571 relinquens.
2386 490 2567 554 Prae-

224 584 338 647 fuit
381 588 560 650 annis
607 587 682 655 31
707 604 729 664 ’,
777 591 1094 653 mensibus
1141 588 1215 663 9,
1265 589 1485 654 dicbus
1532 590 1595 657 8.

1045 758 1164 850 29.
1254 761 1731 833 flambardus

221 900 326 967 29.
375 904 561 967 abbas
608 905 770 969 Hirs.
830 908 1074 987 eligitur
1131 910 1292 970 anno
1359 906 1555 976 1460.
1647 912 1759 975 Vir
1804 912 2075 975 moribus
2122 919 2186 976 et
2230 928 2571 976 conuersa—

219 1008 386 1071 tione
434 1011 758 1085 notabilis,
825 1030 896 1074 ac
945 1015 1298 1075 monasterii
1343 1032 1503 1094 poue
1550 1015 1615 1080 in
1658 1022 1913 1097 Vtroque
1964 1023 2122 1080 statu
2168 1016 2425 1099 collapsi
2470 1034 2569 1081 se-

220 1114 464 1177 cundus
507 1124 853 1196 reparator,
916 1120 982 1181 in
1029 1120 1270 1181 actione
1317 1120 1643 1199 prouidus,
1698 1124 1765 1184 in
1808 1124 1928 1187 vita
1976 1124 2337 1205 exemplaris
2384 1129 2567 1205 atque

217 1222 280 1282 in
337 1224 770 1286 'conseruanda
829 1225 1251 1290 Bursleldensi
1323 1227 1442 1290 iam
1505 1226 1745 1307 pridem
1806 1230 2073 1309 plantata
2137 1231 2567 1295 reformatione

219 1328 540 1393 sollicitus.
634 1330 888 1395 Caetera
937 1329 1381 1395 desiderantur.

1095 1503 1228 1576 30.
1319 1504 1671 1595 Georgius

218 1642 324 1709 30.
391 1644 579 1707 abbas
623 1646 806 1712 -Rirs,
874 1646 1113 1725 eligitur
1166 1665 1328 1710 anno
1393 1644 1586 1713 1482.
1674 1646 1784 1709 Vir
1826 1645 2101 1727 placidus
2146 1653 2210 1710 ct
2252 1650 2393 1728 pius
2412 1694 2431 1722 ,
2496 1648 2562 1713 in

218 1754 686 1813 conuersatione
741 1752 1068 1831 plurimum
1117 1750 1572 1814 a‘edificatorius
1618 1752 1876 1831 praefuit
1922 1746 2093 1815 aunis
2140 1752 2183 1817 2
2228 1754 2431 1819 minus
2474 1752 2565 1843 20

212 1854 432 1917 diebus
497 1862 630 1917 tam
681 1856 908 1918 vtiliter
969 1873 1154 1935 quam
1212 1855 1545 1935 religiose,
1612 1874 1819 1918 curam
1877 1857 2239 1921 abbatialis
2260 1844 2562 1967 dignitatis

210 1962 569 2041 resignans,
619 1977 760 2022 cum
805 1978 920 2040 per
965 1979 1158 2023 annos
1205 1962 1398 2023 ferme
1451 1958 1533 2027 13
1578 1963 2034 2042 praepositurae
2079 1964 2143 2025 in
2166 1950 2405 2027 Roth
2362 1952 2560 2061 :prius

206 2067 604 2145 praefuisset.
661 2065 730 2127 In
774 2072 1026 2146 Vtroque
1075 2072 1234 2128 statu
1277 2065 1665 2129 laudabiliter
1710 2074 1770 2131 et
1816 2085 1959 2131 cum
2001 2058 2201 2131 fructu
2228 2044 2558 2157 montilii*

1129 2238 1249 2307 31.
1342 2238 1639 2307 Blasim

207 2378 338 2465 31..
367 2381 554 2444 ahba's
597 2382 759 2446 Hirs.
808 2383 1052 2463 eligitur
1097 2398 1262 2446 anno
1315 2381 1502 2450 1484.
1595 2386 1702 2451 Vir
1744 2384 2052 2466 prudens,
2127 2404 2311 2466 sagax
2357 2390 2419 2448 ct
2464 2403 2558 2448 sa-

205 2488 436 2565 pientia
479 2494 604 2553 tam
649 2489 918 2549 seculari
965 2506 1144 2568 quam
1191 2491 1495 2570 spirituali
1554 2490 1899 2570 praeditus,
1952 2494 2028 2554 in
2076 2490 2329 2573 agendis
2372 2493 2559 2553 rebus

206 2592 499 2671 prouidus
521 2638 538 2665 ,
595 2594 676 2655 'in
733 2596 854 2657 vita
908 2600 972 2655 et
1031 2597 1497 2659 conuersatione
1558 2590 1859 2670 maturus3
1924 2598 2181 2677 praemit
2224 2598 2400 2659 anuis
2454 2594 2554 2669 15,

207 2698 520 2762 mensibus
569 2698 631 2772 9,
681 2699 901 2761 diebus
955 2696 1057 2763 14.
1129 2702 1298 2764 Bona
1344 2702 1780 2785 libertatesque
1828 2706 2189 2768 monasterii
2236 2720 2377 2766 cum
2420 2702 2555 2783 plu-

207 2805 374 2867 rimis
421 2806 798 2885 sumptuosis
835 2803 1141 2927 aedificiis
1189 2808 1503 2917 amplians.

969 2938 974 2943 ’
1089 2922 1217 3049 32.
1305 2978 1668 3075 ,ιριωιηω

211 3115 312 3183 32.
361 3119 554 3183 abbas
599 3120 803 3195 Hirs„
830 3124 1052 3202 patria
1093 3122 1381 3197 Sueuus,
1429 3124 1667 3203 plebeis
1714 3122 1829 3186 sed
1874 3124 2151 3188 honestis
2195 3114 2550 3207 parentibus

211 3240 280 3284 ex
343 3225 570 3306 oppido
617 3225 814 3299 Calw,
878 3227 1148 3291 vuanimi
1194 3228 1448 3291 statrum
1493 3232 1813 3297 consensu
1854 3230 2095 3309 eligitur
2144 3247 2301 3295 anuo
2352 3227 2545 3303 1503,

208 3336 412 3407 quarto
465 3348 656 3392 nonas
700 3335 975 3414 Augusti.
1061 3324 1186 3413 Hic
1231 3352 1389 3396 anno
1435 3334 1755 3415 regiminis
1802 3337 1899 3396 sui
1948 3332 2051 3399 14.
2102 3334 2180 3398 ad
2224 3336 2551 3399 honestam

202 3430 442 3497 fratrum
513 3426 768 3499 suorum
825 3440 1186 3517 petitionem
1251 3440 1369 3501 hoc
1410 3442 1700 3519 ,picturae
1764 3458 1917 3519 opus
1972 3441 2316 3519 posteritati
2357 3440 2549 3503 bene-

205 3544 466 3603 mereuti
491 3540 626 3604 fieri
653 3543 818 3605 fecit.
881 3541 1085 3617 Quem
1132 3542 1358 3605 dextris
1401 3544 1637 3621 pollere
1686 3544 2081 3604 successibus
2126 3544 2189 3604 in
2234 3544 2549 3622 religionis

207 3649 264 3704 et
319 3646 694 3727 reipublicae
760 3649 1208 3717 incrementum
1265 3646 1472 3726 superi
1529 3640 1882 3707 condonent
1942 3653 2123 3728 atque
2170 3646 2546 3711 incolumem

207 3744 314 3810 diu·
348 3770 720 3815 conseruare
770 3753 1111 3843 dignentur.
1204 3754 1409 3825 Viuat,
1454 3752 1655 3815 valeat
1696 3750 1957 3815 feliciter
2000 3760 2185 3834 atque
2232 3752 2371 3827 fiat,
2418 3752 2541 3817 fiat.

389 3858 432 3939 ¹)
462 3860 850 3940 Epitaphium
891 3860 1070 3924 huius
1119 3860 1352 3923 abbatis
1399 3860 1641 3921 loannis
1688 3859 1817 3923 fuit
1842 3859 1993 3921 hoc:
2138 3848 2144 3857 ’

519 3999 863 4065 Spectandum
904 4000 1090 4064 exigua
1126 3996 1251 4074 licet
1286 3998 1384 4051 boc
1423 4000 1496 4051 sit
1532 4000 1665 4051 mole
1704 3998 2012 4066 sepulcrum,

621 4088 804 4153 Ampla.
839 4092 1011 4138 tamen
1048 4089 1228 4154 magui
1257 4088 1487 4140 continet
1526 4104 1657 4139 ossa
1692 4086 1813 4141 viri.

515 4177 742 4227 loannes
777 4180 898 4230 erat
931 4176 1018 4227 illo
1057 4177 1238 4242 abbas,
1276 4176 1570 4241 llirsougla
1604 4177 1755 4228 cuius

619 4263 876 4317 Virtutem
915 4270 1070 4331 grata
1103 4270 1276 4317 mente
1311 4265 1533 4321 ,subinde
1568 4264 1709 4318 colit.

327 4402 396 4465 -1)
433 4402 644 4456 Bcisatz
683 4418 763 4455 am
800 4404 979 4454 Raude
1018 4420 1116 4454 von
1157 4404 1305 4454 einer
1342 4402 1536 4454 andorn
1574 4402 1739 4453 Hand.

305 4505 412 4551 cod.
443 4507 646 4559 ltin-sanc.
2073 4492 2103 4539 2
