3009 5009
1564 281 1643 347 18

761 460 1012 513 Addictos
1052 459 1244 511 stodiis
1284 457 1597 529 praesertim
1632 456 1765 511 inuit
1800 456 2057 523 honestis,

755 534 762 541 ⁵
863 546 1093 598 ornabat
1130 545 1364 597 celebres
1402 543 1634 597 moribus
1676 544 1931 611 egregiis.

756 635 949 686 Verum
987 632 1073 684 vbi
1110 632 1414 683 damnasset
1449 632 1581 683 ooeli
1603 619 1949 683 ‘inelementia
1988 632 2190 697 fruges,

861 721 1082 789 Aperuit
1115 720 1328 773 miseris
1365 720 1559 773 horres
1594 722 1925 788 pauperibus·

757 809 904 861 Boeo
939 814 1064 860 sunt
1099 808 1332 861 aeternis
1371 806 1685 860 monimenta
1720 809 1987 875 aequanda
2022 807 2309 875 trophaeis,

868 896 1010 949 Haeo
1047 902 1170 951 snut
1203 900 1452 965 perpetuo
1487 896 1697 949 nomina
1734 896 1891 963 digna
1926 897 2097 949 osdro-
2132 894 2159 965 Η

445 1073 586 1140 [ποι.
603 1068 764 1138 ιιι]
1323 1050 1449 1121 33.
1542 1050 1899 1153 dolia-tinea

445 1198 550 1267 33.
621 1201 805 1265 abbas
870 1198 1066 1274 Hirs„
1131 1204 1380 1265 natione
1441 1201 1689 1265 Sueuus
1710 1246 1726 1273 ,
1783 1208 1967 1263 natus
2016 1219 2091 1263 ex
2136 1199 2359 1280 oppido
2402 1200 2793 1279 Bletighaim,

450 1326 591 1370 eum
637 1314 850 1389 ageret
893 1310 1161 1388 priorem
1207 1310 1270 1369 in
1318 1305 1781 1382 Reiehenbach,
1833 1307 2119 1369 defuneto
2148 1308 2361 1371 abbate
2392 1316 2794 1370 antecessore

453 1432 604 1487 suo,
673 1415 794 1477 huo
857 1422 952 1477 est
1003 1422 1254 1478 vocatus
1317 1423 1377 1477 et
1420 1418 1484 1475 in
1536 1416 1821 1477 abbatem
1870 1415 2106 1478 electus
2153 1433 2309 1477 anno
2364 1412 2555 1480 1524.
2652 1413 2797 1488 Quo

451 1519 734 1603 praeside
779 1520 1098 1585 Vdalrieus
1146 1522 1262 1583 dux
1309 1521 1895 1601 Wirttenbergensis
1940 1512 1993 1582 a'
2022 1519 2244 1583 ducatu
2290 1540 2403 1600 per
2452 1518 2534 1587 16
2599 1538 2797 1581 annos

453 1626 662 1699 abfuit,
708 1642 866 1687 anno
917 1621 1088 1689 1534
1133 1625 1212 1687 ad
1255 1624 1547 1688 ducatum
1594 1632 1691 1687 est
1734 1642 2045 1697 reuersus,
2092 1626 2407 1705 Euangelii
2451 1624 2801 1687 doctrinam

455 1730 1098 1823 doceri·,·,papis·tieam
1143 1731 1274 1793 tolli
1323 1732 1575 1793 curauit.
1668 1728 2109 1801 Monosterium
2155 1730 2335 1808 igitur
2380 1748 2595 1809 magna
2640 1730 2798 1793 mul-

453 1836 648 1901 titudo
715 1838 1153 1901 monachorum
1217 1854 1370 1899 oum.
1424 1837 1823 1909 inhabitaret,
1892 1836 2197 1915 eumjllis
2246 1836 2309 1899 id
2362 1839 2522 1917 egit,
2579 1843 2651 1900 -vt
2695 1845 2800 1899 aut

457 1942 796 2031 ecelesiae⁸
829 1941 1110 2013 docendo
1155 1942 1532 2023 Euangeliou
1578 1943 1981 2014 inseruit-ent,
2050 1948 2153 2005 aut
2198 1942 2317 2004 alio
2366 1960 2511 2004 sese
2558 1942 2799 2007 eonfer-

455 2056 630 2121 rent,
676 2054 780 2109 aut
821 2047 1040 2127 priuati
1087 2053 1346 2128 agerent
1388 2047 1603 2119 vitam,-
1648 2046 1745 2109 vhi
1790 2046 2091 2125 placeret,
2140 2063 2215 2109 ex
2259 2048 2631 2116 monasterii,
2656 2047 2801 2110 red·

457 2154 684 2227 ditibus
719 2155 782 2215 in
817 2156 1042 2217 vietum
1081 2162 1142 2217 et
1181 2154 1468 2217 amictum
1511 2154 1778 2235 aliquam
1806 2169 2109 2219 summam
2137 2156 2433 2232 pecuniae
2464 2155 2799 2232 accepturi.

455 2258 551 2323 Ad
591 2261 702 2321 bas
748 2262 1088 2339 propositas
1135 2260 1519 2325 conditiones
1566 2276 1708 2321 eum
1744 2274 1883 2338 pars
1921 2257 1999 2320 ad
2038 2258 2338 2319 ecelesiae
2376 2259 2803 2330 ministerium,

457 2366 638 2448 aliqui
683 2364 760 2428 ad
806 2366 921 2428 alia
967 2368 1340 2428 monasteria
1389 2366 1659 2437 abirent,
1724 2382 1865 2444 pars
1924 2382 2071 2426 vero
2116 2364 2257 2425 binc
2302 2364 2470 2425 illine
2516 2366 2805 2443 priuatim

457 2475 642 2537 vitam
689 2476 904 2549 ageret
949 2477 1012 2543 et
1055 2472 1118 2531 in
1164 2471 1444 2549 singulos
1491 2487 1685 2533 annos
1731 2468 1819 2534 40
1864 2467 2133 2530 florenos
2170 2469 2392 2547 singuli
2430 2471 2803 2549 acciperent,

460 2578 648 2641 abbas
696 2576 830 2655 ipse
878 2575 1046 2653 solus
1095 2575 1156 2635 in
1203 2576 1575 2637 monasterio
1621 2576 1865 2647 mansit,
1912 2576 2181 2655 priuatus
2228 2576 2370 2654 egit,
2418 2572 2549 2641 500
2576 2592 2799 2637 aureos

463 2681 720 2761 singulis
784 2682 958 2741 annis
1025 2680 1280 2759 accepit.
1371 2679 1557 2743 Anno
1616 2680 1841 2758 gratiae
1909 2677 2115 2749 1548,
2178 2697 2305 2759 quo
2362 2697 2521 2741 anno
2576 2682 2809 2761 Sphinx

461 2790 808 2871 Augustana
871 2784 1200 2849 INTERIM
1263 2786 1422 2849 dicta
1486 2787 1851 2867 papistieam
1915 2785 2257 2851 >doctrinam
2320 2793 2383 2848 et
2446 2787 2811 2867 religionem

461 2896 627 2977 prius
657 2895 970 2975 explosam
998 2894 1298 2956 reducere
1331 2902 1567 2967 conata,
1616 2886 1821 2956 abbati
1868 2912 2109 2974 quoque
2157 2910 2405 2955 omnem
2441 2902 2811 2974 potestatem

463 3000 745 3064 restituit.
838 2999 978 3075 Quo
1043 3000 1201 3063 facto
1248 3000 1585 3065 monachos
1631 3001 1917 3079 priuatim
1964 3007 2260 3079 agentes,
2329 3005 2389 3062 vt
2432 3005 2496 3061 et
2542 3002 2808 3073 maritos,

465 3122 592 3169 non
637 3106 838 3171 solum
883 3111 1156 3177 reuocat,
1203 3103 1318 3168 sed
1366 3111 1430 3166 et
1473 3102 1907 3187 adolescentes
1954 3106 2215 3167 nouitios
2260 3106 2323 3164 in
2368 3109 2809 3168 monasterium

467 3214 740 3291 recepit,
801 3212 968 3272 iuxta
1018 3210 1292 3289 regulam
1347 3210 1671 3291 Benedicti
1730 3216 1795 3274 vt·
1822 3217 2092 3291 ,agerent
2136 3218 2197 3273 et
2242 3211 2539 3275 monaehi·
2569 3211 2811 3275 fierent.

465 3317 554 3381 lta
612 3318 734 3380 vita
801 3318 1138 3379 monastica
1201 3318 1425 3379 iterum
1489 3316 1697 3379 locum
1762 3316 1991 3379 habere
2058 3320 2297 3397 eoepit,
2364 3318 2529 3398 quod
2576 3319 2816 3383 durauit

467 3440 661 3505 voque
723 3422 802 3485 ad
865 3431 1126 3491 mortem
1173 3423 1468 3514 ‚Ydalrioi
1520 3427 1739 3494 ,Διιηο
1792 3421 1963 3489 1550
2010 3422 2112 3485 die
2158 3422 2591 3489 6..N0vem1›r.
2644 3426 2815 3487 Chri·

469 3530 814 3611 stopborus,
861 3529 1134 3593 Vdalriei
1179 3529 1361 3609 filius,
1408 3530 1561 3610 patri
1608 3530 1939 3601 suecessit3
1986 3530 2085 3591 bie
2132 3530 2555 3610 euangelicam
2592 3530 2818 3593 dootri-

471 3656 617 3703 nam
670 3627 938 3702 restituit
956 3683 973 3710 ,
1037 3646 1364 3719 postquam
1417 3638 1872 3709 confessionem
1930 3654 2107 3698 suam
2150 3628 2411 3700 concilio
2459 3637 2819 3701 Tridentino

471 3746 677 3825 prius,
743 3761 902 3807 anno
975 3742 1175 3817 1552,
1242 3742 1347 3809 24.
1400 3744 1499 3807 di'e
1546 3745 1807 3807 Ianuarii
1855 3743 2195 3806 obtulisset.
2292 3744 2445 3807 Cum
2500 3745 2819 3807 abbatibus

475 3849 703 3914 deinde
771 3851 930 3929 egit,
995 3857 1058 3912 vt
1101 3834 1278 3912 'iuxta
1333 3850 1501 3911 illam
1564 3852 1766 3911 omnia
1814 3866 1926 3913 sua
1969 3850 2391 3923 instituerent,
2458 3852 2819 3931 praesertim

477 3963 684 4020 autem
729 3955 1009 4028 scholae,
1057 3956 1203 4017 olim
1249 3956 1311 4016 in
1359 3957 1745 4017 monasteriis
1791 3956 2037 4019 vsitatas
2082 3957 2479 4021 restituerent
2524 3966 2586 4020 et
2630 3960 2695 4017 in
2742 3957 2821 4018 iis

479 4067 618 4135 [Ful.
647 4067 804 4133 ιιι]
853 4060 1192 4122 coelestem
1237 4058 1579 4125 doctrinam
1628 4059 1941 4123 docerent.
1974 4062 2003 4140 ΙΙ
2070 4061 2381 4141 Proposita
2415 4080 2591 4142 ,ergo
2620 4063 2825 4142 aliqua

482 4172 647 4228 certa
693 4164 920 4237 forma,
970 4165 1134 4247 quod
1179 4166 1403 4228 factum
1451 4174 1547 4229 est
1590 4184 1749 4229 anno
1800 4164 2007 4239 1556,
2058 4167 2135 4229 ad
2181 4167 2457 4250 scholam
2494 4169 2823 4231 Hirschau-

481 4272 760 4351 giensem
823 4279 1074 4335 vocatus
1139 4278 1234 4333 est
1296 4270 1381 4333 Μ.
1443 4271 1779 4334 Heinricus·
1830 4273 2447 4346 Weiekersehreiter‚
2516 4274 2824 4337 ecelesiae

484 4376 799 4440 Caluensis
863 4384 1104 4458 pastor,
1140 4393 1146 4401 ·
1179 4383 1242 4440 vt
1301 4395 1410 4457 per
1481 4378 1710 4457 aliquot
1773 4384 2013 4455 tempus
2080 4378 2297 4443 saltem
2368 4378 2617 4443 scholae
2654 4380 2826 4463 ⁸huie

2966 1260 2971 1365 κ
