3009 5009
1371 297 1449 366 9⁷1

235 473 428 534 tionis
475 471 854 546 firmaretur,
917 480 982 537 vt
1025 477 1088 536 in
1135 476 1555 548 anniuersario
1600 489 1715 538 suo
1763 477 1940 538 etiam
1996 473 2208 538 domni
2252 473 2595 558 marquardi

237 567 348 638 ffl'ii
413 581 512 640 sui
575 588 638 642 et
699 565 994 643 mahtilde
1055 583 1266 644 matris
1333 581 1619 647 eiusdem
1672 581 2019 664 Marquardi
2076 583 2351 645 omnium
2408 583 2595 646 simul

241 689 754 777 commemoratio
819 687 1034 759 fieret,
1111 696 1176 753 et
1253 707 1327 750 ex
1399 688 1633 770 prediis
1654 735 1671 762 ,
1752 707 1873 770 que
1942 687 2120 752 nobis
2194 689 2451 751 contulit
2524 695 2595 750 et

239 791 612 869 com-parauit
631 835 650 862 ‚
725 793 940 854 caritas
1019 798 1084 854 et
1135 793 1408 858 refectio
1457 794 1743 855 omnibus
1806 795 2087 856 fratribus
2145 777 2412 858 daretur.
2498 791 2591 854 De

239 896 530 976 Eltingen
579 895 836 976 singulis
881 898 1058 960 annis
1100 899 1402 961 talentum
1447 907 1633 962 vnum
1682 899 1870 960 debet
1901 899 2174 979 persolui
2201 897 2279 963 ad
2306 898 2589 960 similam.

236 1001 330 1063 De
394 1002 732 1066 Biberbach
759 1004 1072 1066 talentum
1119 1011 1184 1066 et
1233 1007 1508 1086 quinque
1556 1003 1749 1066 solidi
1779 1023 1885 1084 pro
1930 1005 2237 1084 piscibus,
2288 1004 2375 1066 ,de
2424 1013 2607 1066 com-—

239 1109 410 1168 muni
455 1127 604 1171 vero
649 1109 902 1171 cellario
951 1117 1208 1190 quatuor
1253 1111 1432 1172 hamc
1479 1111 1621 1173 vini.
1690 1107 2000 1192 Quicquid
2046 1128 2189 1172 vero
2238 1108 2589 1180 devincto,

241 1214 409 1294 quod
453 1217 520 1276 in
562 1215 950 1277 Hessickeim
1011 1195 1161 1282 emit
1215 1224 1280 1278 et
1323 1219 1402 1277 in·
1429 1216 1799 1278 Durnckeim
1843 1217 2101 1296 propriis
2146 1215 2443 1296 impensis
2484 1231 2591 1276 ex-

239 1321 361 1381 coli
425 1321 606 1394 fecit,
671 1323 938 1402 potuerit
1003 1321 1171 1395 dari,
1237 1324 1555 1386 constituit
1616 1323 1711 1384 bis
1762 1323 2053 1387 omnibus
2097 1319 2465 1402 superaddi,
2528 1325 2591 1384 vt

236 1425 700 1489 habundancius
749 1435 812 1490 et
855 1412 1098 1508 plenius
1155 1430 1354 1507 possit
1415 1427 1699 1493 fratribus
1757 1427 1899 1490 inde
1946 1429 2295 1492 ministrari.
2401 1427 2611 1514 Igitur·

246 1533 300 1592 si
346 1533 480 1610 ipse
527 1532 627 1594 vel
676 1535 806 1612 ipsa
851 1533 996 1594 foris
1045 1533 1305 1596 obierint
1345 1541 1404 1595 et
1451 1534 1663 1594 aniicis
1713 1534 1878 1605 suis,
1926 1541 1986 1596 vt
2024 1532 2105 1594 ad
2149 1540 2265 1595 nos
2309 1551 2435 1594 non
2480 1531 2588 1594 de-

238 1636 539 1710 ferantur,
606 1638 910 1701 derelicti·
949 1639 1212 1713 fuerint,
1277 1658 1311 1701 a
1367 1640 1592 1700 nostris
1649 1639 1998 1701 hominibus
2060 1647 2122 1701 et
2166 1639 2464 1702 vehiculis
2512 1637 2587 1702 ad

235 1751 354 1802 nos
391 1741 634 1832 debent
679 1742 934 1817 deterri,
984 1750 1050 1805 et
1092 1745 1289 1816 anima
1338 1746 1474 1805 eius
1522 1762 1556 1805 a
1593 1744 1773 1805 nobis
1818 1743 1975 1817 deo,
2038 1737 2105 1807 et'
2146 1746 2211 1806 in
2258 1745 2440 1826 plena
2488 1761 2589 1806 ca-

236 1847 412 1910 ritate
453 1855 517 1912 et
549 1848 922 1915 fraternitate
971 1865 1194 1928 corpus
1241 1857 1404 1910 terre
1451 1847 1886 1918 commendari.

1287 2019 1526 2088 Mura.
1574 2011 1581 2016 ⁵
1650 2003 1655 2009 ⁴

419 2165 746 2229 Heinricus
794 2167 872 2245 de
917 2167 1222 2246 Hefingen
1271 2167 1655 2230 dedit-nobis
1694 2183 1905 2246 agrum
1951 2169 2014 2228 in
2055 2164 2233 2228 Mure
2282 2182 2359 2229 eo
2403 2173 2587 2245 paeto

242 2281 307 2336 et
353 2273 842 2360 conditionejyt,
891 2293 967 2336 eo
1015 2274 1094 2337 de
1132 2274 1338 2336 medio
1383 2275 1561 2348 facto,
1610 2293 1725 2337 nos
1755 2273 2011 2353 propriis
2052 2274 2393 2352 sumptibus
2440 2289 2586 2334 eum

241 2378 326 2440 ad
379 2393 496 2442 n'os
559 2379 998 2442 transferamus
1063 2387 1158 2457 et¹
1191 2379 1559 2462 obsequium
1632 2380 1858 2441 nostris
1920 2379 2205 2440 fratribus
2264 2375 2585 2442 monachis

242 2484 518 2546 debitum
574 2487 744 2548 omni
789 2487 1140 2547 reuerentia
1195 2487 1311 2548 sibi
1367 2483 1817 2566 impendamus.
1930 2482 2115 2558 Quod
2178 2485 2231 2546 si
2290 2483 2481 2548 vinus
2525 2488 2591 2543 et

239 2591 572 2652 incolomis
618 2591 694 2652 ad
741 2594 854 2655 nos
885 2594 916 2673 η
945 2593 1152 2655 venire
1202 2593 1599 2672 disposuerit,
1640 2589 1901 2692 eandem
1948 2592 2215 2670 gratiam,
2262 2597 2401 2664 [Ful.
2412 2593 2587 2661 θεὴ]

239 2713 360 2777 qua
401 2697 595 2758 ceteri
639 2691 832 2776 potiti·
855 2703 1045 2769 sunt,-
1082 2699 1397 2763 obtinebit.
1496 2729 1501 2734 ·

1144 2869 1661 2962 Eberdninqen.

273 3041 278 3049 ·
341 3055 358 3066 ι
423 3014 742 3078 Conradus
789 3014 892 3078 dei
935 3017 1128 3097 grati-a
1164 3015 1631 3097 flirsaugiensis
1676 3015 1883 3076 abbas.
1950 3012 2161 3076 Iustis
2178 3013 2587 3093 peticionibus

235 3133 544 3183 annuere
573 3122 850 3208 piisque
883 3120 1205 3185 desideriis
1265 3122 1558 3207 effectum
1620 3119 1927 3197 tribuere,
1992 3126 2121 3181 tum
2166 3117 2352 3215 officii
2396 3118 2589 3182 nostri

242 3338 506 3401 constat.
555 3334 683 3396 Ειι
728 3340 976 3414 propter
1021 3342 1276 3396 cunctos
1325 3334 1549 3397 Christi
1594 3333 1815 3395 fideles
1868 3339 1991 3395 tam
2036 3339 2360 3412 presentes
2406 3319 2589 3414 quam

237 3447 381 3521 post
425 3440 662 3503 futuros
709 3443 866 3504 scire
917 3441 1362 3522 desideramus,
1412 3441 1579 3522 quod
1622 3441 1819 3503 frater.
1846 3433 2060 3502 noster
2086 3440 2459 3501 Wernherus
2508 3438 2587 3501 de

241 3547 602 3628 Cuppingen
686 3569 794 3631 pro
855 3537 1148 3612 mercede
1215 3549 1420 3610 anime
1495 3566 1606 3610 sue
1672 3547 1747 3608 de
1818 3545 2075 3640 propriis
2136 3545 2443 3606 laboribus
2516 3561 2589 3606 ac

240 3655 582 3733 sumptibus
627 3654 904 3734 predium
943 3657 1004 3716 in
1043 3652 1466 3734 Eberdringen
1497 3651 1757 3714 consilio
1798 3659 1861 3713 et
1902 3649 2123 3712 auxilio
2164 3648 2361 3711 fratris
2396 3650 2589 3712 nostri

237 3760 503 3824 Ernst-idi
546 3762 870 3825 camerari-i
917 3762 1309 3843 conquisiuit,
1358 3759 1525 3840 quod
1572 3757 1691 3821 deo
1738 3765 1802 3820 et
1844 3758 2071 3818 sanctis
2114 3756 2247 3822 eius
2294 3755 2587 3836 apostolis

237 3866 420 3929 Petro
469 3873 533 3928 et
575 3867 760 3930 Paulo
809 3869 1046 3931 obtulit.
1157 3866 1330 3929 ldem
1393 3880 1539 3942 vero
1600 3863 1899 3944 predium.
1940 3863 2237 3925 talentum
2292 3868 2355 3924 et
2396 3878 2585 3926 vnum

241 3974 510 4036 solidum
569 3965 896 4054 persoluit,
963 3972 1042 4038 de
1089 3992 1210 4054 quo
1275 3990 1472 4034 censu
1521 3969 1855 4056 duedecim,
1910 3968 2145 4032 solidos
2212 3969 2587 4050 sequestrari

240 4081 484 4152 statuit,
545 4088 604 4142 vt
665 4091 738 4141 ex
799 4080 896 4142 his
961 4092 1208 4160 semper
1263 4079 1327 4141 in'
1395 4095 1553 4140 cena
1618 4077 1845 4140 domini
1910 4077 2285 4158 septuaginta
2346 4074 2585 4139 duobus

238 4185 638 4267 pauperibus,
693 4185 805 4265 qui
869 4197 1055 4266 supe-'r
1116 4203 1440 4248 numerum
1501 4185 1755 4271 fratrum
1812 4184 1877 4244 in
1934 4183 2263 4246 claustrum
2316 4179 2584 4244 introdu-

239 4299 480 4363 cuntur,
517 4291 778 4383 singulis
825 4289 946 4352 duo
993 4309 1224 4354 nummi
1269 4291 1625 4354 tribuantur.
1694 4263 1877 4363 Q'uod
1920 4305 2067 4350 vero
2113 4286 2189 4348 de
2235 4285 2341 4354 illo
2390 4303 2583 4348 censu

239 4400 638 4479 superfuerit,
703 4399 766 4460 in
809 4413 992 4468 vsum
1033 4399 1353 4460 camerarii
1401 4397 1585 4459 cedat
1644 4413 1719 4456 eo
1766 4401 1978 4474 pacto,
2044 4401 2106 4456 vt
2149 4396 2201 4456 si
2246 4394 2413 4458 forte
2444 4410 2583 4473 pre-
