3009 5009
1417 285 1504 356 87

290 443 634 539 Wangetus
680 457 758 524 de
805 459 1174 544 Gertringen
1221 459 1394 526 dedit
1437 463 1625 533 nobis,
1652 481 1866 546 agrum
1904 464 1971 528 in
2000 461 2314 538 flamen,
2358 482 2471 545 pro
2516 482 2642 546 quo

287 565 574 628 dedimus
638 561 874 645 partem
921 569 1050 648 agri
1111 575 1176 630 et
1221 569 1453 632 curiam
1498 578 1721 632 mame
1814 570 1885 634 ln
1947 567 2171 631 eadem
2224 571 2638 632 immutatione

287 671 469 742 dedit
495 685 692 733 'vnum
739 689 954 752 agrum
996 673 1162 736 iuxta
1205 675 1466 750 vineam.
1507 675 1900 738 ”Adalbertus
1946 673 2025 736 de
2064 671 2437 758 Geni-ingen.
2472 675 2643 737 dedit

285 777 471 840 nobis
514 793 693 840 mam
741 779 1001 852 curiam,
1068 798 1178 860 pro
1236 777 1358 860 qua'
1391 779 1685 844 ‘dedimus
1732 799 1945 862 agrum
1994 799 2183 844 vnum
2229 779 2307 844 ad
2350 780 2638 860 Assgess.

279 886 449 948 ‘Item
487 885 624 964 ipse
673 893 734 947 et
779 885 962 948 frater
1007 889 1145 948 eius
1191 887 1541 950 waltherus
1588 887 2031 951 et2Luitf1-idus
2090 885 2394 950 dederunt
2456 887 2639 949 nohis

289 991 610 1074 siluam-in
657 988 1089 1052 Brunnha'lden
1132 1010 1242 1071 pro
1287 1007 1406 1055 vno
1451 993 1707 1054 talento.
1788 991 2157 1055 Adalbertus
2194 990 2273 1054 de
2300 977 2652 1054 mendorfl'

236 1167 244 1175 ,
285 1095 460 1159 dedit
505 1097 688 1164 nobis
733 1105 982 1178 partem-
1014 1097 1296 1160 eiusdem
1343 1099 1498 1162 silue
1522 1143 1539 1172 ‚
1603 1117 1743 1181 pro-
1770 1109 1887 1180 quo
1954 1089 2235 1162 dedimus
2294 1084 2393 1160 ‘eiv
2408 1115 2639 1178 agrum,

287 1204 396 1282 qui
443 1200 684 1264 adiacet
727 1203 897 1281 regie
941 1205 1063 1266 vie.
1145 1205 1476 1264 Anselmus
1526 1203 1831 1266 S'wabelle
1879 1201 2051 1272 dedit
2074 1204 2271 1266 'nobis
2318 1219 2525 1284 agrum
2570 1205 2637 1266 in

283 1307 528 1373 Rinnen
551 1353 570 1380 ,
635 1327 744 1390 pro
789 1319 912 1390 quo
961 1309 1240 1372 dedimus
1285 1328 1496 1390 agrum
1542 1311 1604 1372 in
1649 1309 1810 1372 valle
1856 1294 2267 1374 winsi-etsstal
2314 1317 2379 1373 et
2413 1309 2639 1374 decem

289 1413 548 1477 solidos.
661 1409 1048 1494 Rudingerns
1115 1415 1284 1478 dedit
1345 1416 1523 1479 nobis
1588 1415 1711 1478 duo
1767 1417 1975 1497 iugera
2020 1418 2198 1479 iuxta
2256 1418 2453 1490 viam,
2516 1434 2639 1498 quc

283 1521 454 1582 ducit
495 1519 861 1600 Daluingen.
916 1518 1244 1584 Adalberto
1291 1528 1704 1600 cognomento
1748 1519 2050 1584 Munsolff
2090 1519 2375 1582 dedimus
2418 1522 2639 1583 curtim

286 1625 560 1690 Bertoldi
609 1625 784 1689 ducis
831 1633 894 1690 et
937 1633 1198 1708 quatuor
1241 1645 1422 1708 agros
1465 1629 1628 1692 iuxta
1671 1629 1862 1700 viam,
1928 1642 2047 1707 que
2075 1613 2265 1708 'ducit
2312 1625 2387 1690 ad
2434 1625 2636 1697 Nebe-

286 1734 542 1813 ringen,
609 1739 673 1793 et
732 1751 924 1794 vnum.
978 1732 1042 1794 in
1086 1731 1432 1814 Mungsstal
1493 1751 1605 1812 pro
1670 1731 1909 1810 duobus
1975 1731 2135 1811 agris
2155 1775 2173 1804 ,
2238 1746 2395 1811 quos
2456 1729 2636 1792 nobis

283 1838 564 1911 donauit,
610 1856 826 1910 vnum,
873 1839 976 1918 qui
1020 1839 1188 1901 iacet
1230 1840 1722 1902 inextremitat'e
1768 1839 1979 1911 vinee,
2046 1855 2167 1919 que
2212 1837 2467 1918 respicit
2511 1835 2635 1899 Gil-

281 1945 486 2017 stein,
543 1943 830 2016 aiterum,
899 1945 1002 2023 qui
1059 1945 1224 2006 iacet
1277 1952 1432 2016 ,ante
1478 1950 1717 2025 portam
1766 1950 1829 2006 et
1871 1943 2157 2024 pertingit
2202 1942 2357 2006 infra
2401 1947 2682 2023 portam-

280 2065 449 2130 pene
498 2049 654 2112 duos
699 2067 941 2131 passus.
1898 2105 1903 2112 .
2102 2107 2109 2112 .

461 2153 606 2218 Post
665 2143 778 2217 ha's
844 2156 1350 2217 commutationes
1423 2155 1871 2236 querimoniam
1950 2155 2293 2217 commouit
2368 2151 2629 2217 domnus

281 2261 462 2339 Hugo
509 2277 723 2322 comes
773 2259 851 2322 de
890 2258 1257 2339 Tuwiugen,
1309 2255 1470 2339 quod
1520 2261 1653 2321 sine
1700 2261 1893 2339 ipsius
1932 2275 2243 2322 consensu
2288 2259 2449 2320 tales
2492 2274 2631 2337 per-

281 2369 654 2430 mutationes
699 2367 862 2430 facte
901 2373 1132 2438 essent,
1179 2383 1320 2428 cum
1365 2368 1498 2446 ipse
1550 2365 1881 2428 aduocatus
1930 2365 2207 2455 eiusdem
2252 2365 2521 2427 ecclesie
2568 2365 2633 2425 in

281 2474 544 2538 Gilstein
619 2477 808 2538 esset.
918 2474 1012 2537 Ad
1075 2475 1230 2560 hanc
1296 2474 1823 2554 comprimendam
1878 2471 2019 2536 dcta
2082 2481 2225 2537 sunt
2288 2474 2348 2536 ei
2408 2473 2635 2535 decem

283 2583 539 2656 talenta,
585 2590 648 2645 vt
689 2583 756 2670 in
800 2589 1098 2662 perpetuo
1129 2583 1159 2662 ΙΙ
1201 2583 1436 2645 stabilis
1485 2590 1551 2644 et
1594 2584 1730 2643 sine
1778 2579 2631 2653 contradictionc.[l¹¹ol.6⁰i.l

271 2692 660 2770 permaneat.
753 2689 951 2752 Huius
987 2691 1080 2751 rei
1114 2696 1310 2751 testes
1335 2694 1535 2770 ‚eunte
1578 2689 1829 2761 Diemo,
1880 2688 2059 2761 Craft,
2108 2689 2387 2767 Wanger,
2434 2685 2631 2766 Hugo,

283 2787 640 2869 Vdalricus‚
684 2796 905 2869 lmfrit,
954 2794 1253 2868 Mahtolff,
1293 2795 1546 2869 Gebilo,
1594 2796 1697 2874 qui
1744 2802 1807 2857 et
1850 2793 1976 2857 fide
2020 2793 2154 2861 data
2198 2799 2397 2874 ipsam
2430 2792 2626 2856 ‘firmi-

275 2907 471 2963 tatem
517 2919 554 2964 a
599 2900 933 2973 Heinrico,
998 2899 1257 2980 predicti
1314 2901 1553 2963 comitis
1606 2900 1829 2972 fratre,
1893 2917 1966 2960 se
2012 2898 2471 2979 spoponderunt
2514 2899 2626 2960 im-

273 3013 544 3087 petrare.
655 3005 946 3069 Monachi
1003 3006 1408 3069 interfuerunt
1457 3003 1807 3088 Rupertus,
1870 3005 2247 3085 Diepoldus,
2308 3003 2629 3069 conradus

275 3111 636 3176 Bertoldus
1872 3185 1879 3191 .

1122 3195 1386 3263 Hauon.
1477 3194 1783 3266 Bloetda.

458 3319 814 3384 Berwardus
859 3321 1042 3400 frater
1085 3331 1300 3384 noster
1343 3323 1419 3385 ad
1485 3317 1960 3401 conuersionem
2012 3324 2271 3386 veniens
2325 3319 2626 3401 predium,

279 3427 446 3510 quod
491 3429 557 3489 in
593 3427 806 3490 Husen
853 3417 1220 3490 hereditatio
1267 3430 1400 3488 iure
1429 3415 1807 3508 possederat,
1856 3431 2035 3490 nohis
2083 3419 2357 3498 tradidit,
2394 3426 2626 3486 molen—

279 3533 612 3613 dinumque
659 3534 720 3593 in
769 3531 994 3594 eodem
1056 3533 1196 3594 loco
1260 3531 1615 3605 fabricauit3
1663 3535 1932 3611 insuper
1992 3538 2053 3592 et
2115 3536 2243 3617 tres
2284 3529 2491 3592 'hubas
2554 3529 2627 3590 ad

273 3641 648 3704 Seltenbach
693 3625 908 3714 deditss,
994 3639 1163 3700 ldem
1210 3636 1589 3712 BerwarduS,
1636 3646 1851 3718 postea
1904 3639 1965 3698 in
2022 3637 2141 3698 hoc
2185 3639 2323 3698 loco
2372 3636 2628 3699 cellera-

271 3747 403 3808 rius
449 3745 666 3818 factus‚
707 3743 873 3826 quali
917 3744 1120 3806 studio
1157 3745 1256 3807 vel
1294 3732 1607 3806 industria
1634 3744 1846 3825 egerit,
1894 3750 1953 3805 vt
1990 3741 2269 3823 predium
2298 3741 2375 3803 ad
2402 3742 2626 3804 Blanda

273 3856 340 3916 in
385 3859 654 3915 nostram
699 3853 1136 3932 proprietatem
1191 3853 1462 3924 veniret,
1520 3855 1627 3932 qui
1649 3848 1831 3925 ‚seire
1880 3851 2069 3932 cupit,
2135 3852 2199 3911 in
2250 3843 2627 3931 subsequen·

269 3959 438 4021 tibus
485 3971 866 4040 cognoscere
914 3955 1156 4038 poterit.
1248 3949 1683 4030 Anshelmus,-
1714 3957 1995 4018 barbatus
2041 3957 2281 4030 frater,
2306 3958 2437 4018 eius
2486 3975 2629 4020 con-

275 4067 430 4134 siliis
496 4068 944 4146 acquiescens,
1013 4063 1166 4125 duas
1213 4041 1426 4128 ‘huba-s
1493 4070 1557 4143 et
1618 4063 1967 4135 dimidiam,
2040 4081 2191 4144 quas
2256 4065 2340 4127 ibi
2404 4065 2627 4137 habuit,

270 4173 464 4237 nobis·
495 4171 768 4234 tradidit.
887 4170 1074 4234 Craffl
1120 4163 1197 4232 dc
1229 4161 1667 4250 ‘Mercklingen
1726 4173 1901 4233 vn³am
1965 4170 2185 4232 hubam
2246 4157 2451 4241 dedit3
2506 4169 2628 4231 sed

267 4275 592 4340 'Conradus
655 4278 842 4351 stou,
897 4277 958 4340 in
1024 4276 1327 4339 beneficio
1409 4294 1557 4338 eam·
1610 4277 1777 4357 prius
1830 4276 2101 4348 hahens,
2166 4275 2359 4354 noluit
2422 4293 2491 4336 se
2556 4293 2629 4337 ea

273 4383 596 4456 abdicare,
671 4382 872 4446 donec
907 4383 996 4444 ,οἱ
1055 4389 1288 4445 tantum
1319 4451 1326 4456 ,
1353 4378 1561 4442 datum
1609 4388 1735 4453 est,
1804 4385 2097 4459 quantum
2165 4394 2274 4457 pro
2303 4383 2308 4388 ’
2338 4380 2438 4440 iila
2494 4382 2627 4459 ipse
2692 4463 2699 4465 -
