3009 5009
1580 288 1665 353 36

1436 458 1827 529 Woethoim.

525 584 530 590 ’
627 588 986 651 Adalbertus
1035 588 1114 650 de
1163 588 1553 667 Cnuttlingen
1602 586 1771 649 dedit
1814 586 1890 648 ad
1928 586 2267 648 westheim
2310 594 2565 666 partem,
2614 562 2806 665 quom

451 698 512 755 in
559 692 1099 757 ecclesia-habuit.
1147 730 1232 741 —-
1273 692 1605 765 Luitfridns
1652 694 1713 754 in
1762 691 1980 754 eadem
2024 691 2169 755 viiio
2216 690 2529 753 dimidiam
2576 692 2809 753 hubam

449 786 638 863 dedit.
733 799 1100 879 Gumpertus
1149 817 1392 881 quoque
1441 799 1755 863 dimidiam
1801 798 2049 871 hubam.

1367 972 1869 1059 molismen.

627 1098 796 1161 Geha
833 1114 1133 1161 conuersa
1169 1107 1232 1161 et
1261 1101 1572 1167 comitissa
1610 1099 1685 1161 de
1718 1098 2189 1161 Oeten-franchen
2232 1096 2400 1159 dedit
2436 1102 2649 1159 sancto
2681 1095 2803 1155 Pe-

449 1211 554 1271 tro.
588 1203 910 1283 Hirsaugie
956 1214 1096 1268 octo
1142 1205 1339 1267 hubas
1384 1207 1446 1268 in
1469 1184 1861 1276 'Wes’theim‚
1912 1222 2060 1283 quas
2108 1204 2265 1264 emit
2298 1200 2503 1264 XXXII
2550 1205 2797 1263 marcis.

448 1310 652 1381 Strute
721 1310 890 1373 dedit
953 1312 1212 1373 domnus
1273 1312 1598 1374 Diemarus
1664 1312 1839 1373 militi
1868 1302 1999 1372 'suo
2047 1308 2307 1369 Rudolfo
2355 1309 2417 1367 in
2462 1309 2802 1387 proprieta-

446 1426 594 1489 tem,
643 1418 807 1497 quod
854 1426 1067 1497 postea
1115 1421 1397 1481 emimuS.
1457 1410 1529 1478 In'
1571 1418 1685 1479 hac
1718 1417 2042 1497 'emptione
2093 1414 2260 1477 dedit
2306 1414 2525 1485 eadem
2574 1413 2799 1475 domna

449 1520 620 1584 Goba
677 1540 920 1584 nouem·
965 1542 1200 1586 marcas
1263 1532 1324 1587 et
1382 1523 1642 1586 domnus
1688 1522 1890 1585 Bruno
1936 1524 2121 1584 abhas
2170 1540 2280 1583 sex
2324 1538 2585 1605 marcas;
2654 1527 2797 1580 octo

451 1630 620 1691 cuim
667 1636 807 1691 sunt
851 1628 1033 1691 hube.
1101 1630 1587 1711 Stutpferrichen
1634 1629 1853 1691 decem
1900 1630 2117 1690 marcis
2168 1629 2315 1690 emit
2362 1608 2577 1688 eedem
2626 1624 2797 1687 Goba

441 1735 610 1797 circa
657 1733 734 1801 vl
783 1736 978 1799 hubas
1025 1754 1059 1799 a
1105 1738 1447 1816 Reginboto
1512 1739 1738 1798 comite
1797 1735 1873 1797 de
1935 1734 2193 1815 Malsga.
2288 1735 2355 1796 ln
2400 1733 2797 1803 Frubrechts-

444 1838 644 1900 husen
707 1840 878 1903 dedit
940 1839 1044 1903 xli
1108 1838 1342 1913 hubae,¹
1411 1860 1531 1921 que
1596 1826 1903 1903 hei-editas
1978 1838 2279 1901 eiusdem·
2332 1839 2555 1900 domne
2618 1826 2789 1899 Gcbe

443 1944 707 2009 fuerunt.
799 1947 1058 2026 Insuper
1101 1948 1285 2009 frater
1327 1948 1537 2027 Egeno
1587 1966 1727 2007 cum
1772 1949 2038 2027 pecunia
2088 1945 2363 2007 eiusdem
2402 1942 2574 2006 Gebc
2624 1944 2793 2007 vide-

442 2050 588 2112 licet
648 2052 858 2131 viginti
923 2042 1142 2112 marcis
1212 2054 1362 2113 emit
1424 2054 1489 2112 in
1546 2051 1949 2113 Owenswiler
1992 2050 2097 2115 vll
2153 2049 2344 2121 hubas
2402 2057 2467 2111 et
2519 2058 2798 2130 quartam

441 2164 674 2236 partem
721 2158 1015 2221 ecclesie.
1106 2157 1302 2219 Huius
1365 2161 1459 2219 rei
1523 2165 1721 2220 testes
1788 2164 1929 2219 sunt
1970 2142 2432 2221 'Vdalricus'de
2494 2157 2799 2221 Weibstat

443 2270 508 2324 ct
559 2262 724 2325 fili'u's
779 2265 914 2324 ciue
961 2263 1292 2343 sigeboto,
1363 2263 1669 2325 Ceisolfus
1718 2270 1779 2324 ct
1833 2263 2017 2325 frater
2064 2256 2197 2323 eius
2244 2262 2567 2335 Riccowo‚
2633 2264 2795 2327 Mar—

439 2369 682 2431 wardus
727 2369 806 2431 de
855 2371 1204 2431 Nusshoum
1253 2377 1316 2432 et
1359 2370 1544 2432 frater
1587 2369 1947 2450 Hertwigus.
2041 2368 2235 2431 Huius
2284 2354 2627 2432 denotionis
2674 2378 2796 2433 tra-

441 2476 738 2537 ditionem
802 2475 1082 2537 iecerunt
1135 2475 1255 2537 Luf
1315 2484 1378 2537 et
1423 2464 1629 2537 stater
1676 2478 1809 2537 eius
1858 2474 2207 2538 (aios-marus.
2238 2476 2327 2538 ad.
2358 2474 2659 2549 Gai-taba,
2730 2486 2795 2539 et

439 2582 522 2643 ibi
571 2583 793 2661 emptio
839 2583 1016 2644 facta·
1050 2589 1164 2645 est.
1255 2582 1541 2645 Preterea
1588 2581 1664 2643 de
1716 2581 1995 2644 eiusdem
2042 2581 2267 2644 domne
2310 2581 2487 2661 Gebe
2531 2584 2797 2663 pecunia

443 2694 769 2775 cessei-unt
812 2689 876 2748 in
927 2670 1108 2749 nsum
1153 2687 1402 2750 fratrum
1446 2687 1604 2751 XXX
1651 2707 1872 2749 marce.
1955 2686 2143 2751 Dedit
2187 2691 2373 2750 etiam
2418 2690 2602 2751 nobis
2645 2692 2789 2752 cali-

441 2812 578 2855 cem
625 2810 808 2855 vnum
855 2800 917 2855 et
953 2794 1170 2856 stolam
1209 2792 1519 2874 mirifrigio
1559 2801 1620 2856 et
1656 2794 1906 2866 tinnulis
1946 2792 2385 2859 decentissime
2427 2801 2791 2868 contextam,

444 2906 506 2960 et
551 2900 729 2960 aliam
775 2898 1028 2961 rubeam
1073 2901 1330 2961 minoris
1380 2898 1624 2979 quidem
1673 2900 1899 2979 precii,
1966 2898 2075 2960 sed
2125 2899 2477 2970 honestam,
2528 2900 2795 2980 lapidem

443 3006 649 3067 altaris
699 2992 1030 3085 'argenteis
1077 3006 1370 3073 brateolis
1432 3010 1751 3077 ornatum,
1817 2993 2109 3078 cr'iicem,·
2172 3024 2292 3086 que
2355 3024 2541 3087 super
2598 3010 2795 3071 maius

442 3103 779 3185 [Folaesbq'
833 3115 1022 3181 altare
1085 3115 1329 3193 ponitur
1373 3114 1521 3193 {lin
1576 3121 1925 3175 sanctorum
1980 3114 2446 3185 festiuitatibus,
2514 3115 2795 3177 casulam

441 3237 616 3281 vnam
645 3228 728 3281 'et
774 3219 894 3280 duo
940 3220 1180 3301 vineta,
1248 3238 1430 3300 vnum
1476 3220 1539 3283 in
1585 3220 2015 3292 Owenswsser,
2082 3218 2245 3283 eliud
2289 3220 2349 3281 in
2398 3210 2797 3284 Frubrechts-

441 3325 664 3388 husen.
759 3322 939 3399 Quod
998 3326 1063 3386 in
1125 3324 1694 3411 Fruhrechtohusen
1754 3323 1980 3395 dedit,¹
2020 3328 2258 3405 rogauit
2306 3344 2467 3398 noe,·
2520 3334 2582 3391 vt
2627 3328 2796 3390 idem

444 3430 723 3511 predium
785 3428 1070 3515 dai-emus
1126 3430 1296 3515 fratri
1352 3448 1462 3491 suo
1512 3409 1793 3492 Gosviino
1840 3449 1948 3508 pro
1995 3429 2150 3498 XXX
2193 3433 2450 3503 marcis,
2519 3433 2683 3515 quod
2734 3441 2799 3495 et

439 3538 661 3629 factum
699 3546 827 3601 est.
889 3539 980 3600 De
1031 3538 1271 3600 eisdem
1315 3541 1538 3601 marcis
1584 3537 1707 3599 due
1754 3538 2084 3599 date‘sunt
2126 3537 2435 3599 Friderico
2479 3542 2797 3619 preposito

443 3646 518 3708 ad
565 3647 1014 3725 coemptionem
1061 3646 1254 3725 predii
1301 3646 1360 3706 in
1412 3644 1779 3716 Stamheim3
1839 3643 2001 3705 fratri
2046 3642 2375 3704 Berthoido
2422 3640 2543 3723 pro‘
2578 3643 2796 3724 predio

443 3756 508 3813 in
552 3750 829 3813 Burhaoh
877 3760 940 3815 et
982 3754 1045 3814 in
1093 3752 1340 3813 Suttren
1377 3758 1504 3813 tres
1542 3769 1748 3812 marce
1788 3759 1851 3812 et
1890 3749 2164 3822 dimidia;
2224 3750 2389 3813 fratri
2434 3752 2799 3827 Walcunoni

443 3877 553 3937 pro
609 3858 821 3937 predio
887 3857 949 3919 in
1004 3856 1405 3937 Tiintzlingen
1473 3864 1733 3936 quatuor
1794 3836 2034 3928 morem
2098 3855 2267 3918 fratri
2318 3856 2649 3921 Adalberto
2714 3856 2795 3919 de

443 3961 734 4023 Zimbren
759 3981 876 4040 pro
913 3961 1124 4041 predio
1162 3963 1222 4021 in
1264 3961 1485 4029 eodem
1523 3961 1660 4039 ioco
1700 3962 1830 4023 sito·
1857 3942 2103 4024 dimidio
2141 3979 2373 4033 marca3
2410 3962 2579 4024 fratri
2605 3962 2796 4024 Hein-

445 4068 576 4128 rico
642 4066 717 4127 de
774 4067 1195 4145 Wurmlingen
1250 4084 1358 4145 pro
1413 4044 1629 4143 predio
1684 4066 1745 4129 in
1802 4064 2022 4127 eodem
2079 4066 2217 4126 loco
2276 4064 2563 4138 dimidiu
2626 4064 2796 4129 fratri

444 4171 686 4250 Hugoni
743 4170 820 4232 de
876 4171 1175 4250 Rutingen
1229 4178 1354 4233 tres
1412 4188 1647 4243 marce;
1704 4170 2059 4250 quindecim
2114 4150 2341 4239 marce,
2370 4172 2435 4230 in
2474 4173 2790 4251 emptione

444 4277 638 4361 predii
677 4280 739 4340 in
770 4276 1247 4357 Ruderchingin3
1287 4295 1542 4358 quarum
1589 4294 1824 4341 summa
1852 4278 2037 4339 simul
2065 4278 2323 4340 collecta
2354 4276 2507 4340 fiunt
2524 4275 2797 4341 xxvuu

446 4404 650 4451 merce
689 4391 754 4447 et
791 4382 1057 4455 dimidia.
