3009 5009
1397 300 1482 370 89

265 476 474 537 futuro
519 474 602 538 de
645 475 1008 557 supradietis
1051 486 1218 542 mota
1261 478 1475 552 tuerit,
1542 482 1607 541 in
1650 481 1765 542 hae
1810 479 2227 561 descriptione
2290 483 2382 544 re‘i
2440 487 2615 562 geste

266 583 590 646 veritatem
633 588 699 644 et
743 582 1026 646 ordinem
1061 583 1318 666 quilibet
1359 586 1645 648 inuenire
1680 585 1895 665 possit.

955 754 1395 836 stamheim.
1488 721 1919 846 neaman.
1992 827 2003 836 ,

445 898 618 960 Idem
661 897 1041 971 Berwardus,
1084 891 1300 978 postea
1335 902 1687 982 prepositus
1723 901 1939 970 faetus,
1984 917 2061 964 ea
2106 915 2227 980 que
2270 898 2614 976 subscripta

270 1011 432 1076 sunt,
479 1004 554 1066 ad
601 1020 994 1067 communem
1039 1005 1420 1084 prebendam
1463 1008 1715 1070 fratrum
1776 1025 1891 1068 suo
1946 1007 2155 1068 labore
2203 1014 2268 1067 et
2319 1004 2615 1092 industria

267 1104 732 1204 superaddidit,
791 1119 853 1174 et
905 1112 1026 1175 hoe
1069 1111 1254 1174 modo
1302 1130 1436 1174 eam
1473 1113 1844 1175 meliorauit.
1941 1112 2313 1189 ‘Dietherieo
2352 1105 2615 1191 namque

269 1213 353 1276 de
397 1214 853 1294 Heilprunnen,
899 1218 1122 1278 multas
1166 1219 1415 1281 iniurias
1465 1225 1529 1280 et
1573 1213 1793 1280 damna
1838 1235 2045 1279 rerum
2088 1235 2199 1297 pro
2243 1215 2633 1290 molendino,-

263 1320 434 1401 quod
459 1323 564 1386 in.
591 1322 816 1388 eodem
861 1321 1000 1385 loeo
1047 1323 1364 1398 habemus,
1415 1324 1595 1387 nobis
1641 1324 1930 1386 inferenti
1967 1330 2109 1385 octo
2144 1341 2377 1386 mareas
2424 1323 2617 1402 dedit,

263 1435 330 1491 vt
371 1433 496 1488 tam
541 1430 680 1508 ipse
725 1437 908 1508 quain
953 1429 1220 1492 heredes
1267 1432 1440 1503 eius,
1507 1429 1801 1511 quicquid
1858 1430 1953 1492 sui
1998 1431 2149 1491 iuris
2205 1433 2269 1493 in
2316 1431 2425 1492 illo
2472 1447 2643 1494 esse.

264 1532 616 1610 videbatur,
689 1552 762 1595 se
809 1533 1192 1607 abdicarent,
1257 1545 1563 1615 quatenus
1614 1527 2091 1614 singulis‘annis
2138 1535 2261 1598 duo
2306 1534 2617 1599 larduales

265 1641 439 1720 porei
486 1640 662 1701 nohis
727 1639 878 1702 inde
935 1639 1176 1706 dentur.
1284 1643 1352 1704 ln
1399 1641 1787 1704 Hessiekeim
1849 1645 2021 1721 prius
2084 1644 2316 1704 nullum
2378 1640 2614 1706 molen-

263 1744 480 1838 dinum
499 1773 506 1778 ·
524 1745 882 1821 habuimus3
929 1748 1044 1812 sed
1089 1751 1224 1829 ipse
1269 1751 1531 1830 propriis
1576 1751 1879 1830 impensis
1924 1767 2109 1814 vnum
2154 1750 2239 1812 ibi
2276 1750 2611 1822 fabricauit,

265 1859 332 1914 et
378 1854 564 1916 simili
610 1854 795 1941 modo
833 1857 898 1916 in
944 1857 1337 1938 Nippenbur'g
1381 1858 1559 1930 feeit,
1624 1865 1789 1920 vfet
1836 1875 1909 1920 ex
1946 1859 2041 1919 his
2091 1857 2329 1934 duobus
2374 1857 2613 1918 molen-

265 1957 430 2020 dinis
479 1957 600 2020 duo
645 1959 951 2022 larduales
996 1964 1164 2041 porei
1213 1965 1519 2025 annuatim
1552 1964 1759 2026 ,nobis
1784 1962 2030 2028 dentur.
2124 1961 2213 2026 Ab
2266 1961 2613 2024 hominibus

263 2082 508 2146 quoque
555 2064 779 2126 familie
827 2074 1036 2130 nostre
1085 2069 1150 2129 in
1197 2067 1436 2130 eodem'
1468 2069 1607 2130 loeo
1656 2048 1917 2148 quatuor
1946 2069 1975 2146 Η
2014 2069 2223 2147 iugera
2271 2071 2605 2142 [ποιαῡι]

263 2171 458 2232 vineti
519 2173 875 2252 aequisiuit,
943 2180 1014 2235 vt·
1065 2191 1314 2252 semper
1377 2177 1438 2235 in
1505 2175 1837 2262 festiuitate
1884 2173 2296 2254 apostolorum
2340 2171 2528 2235 Petri-
2548 2177 2615 2236 et

262 2275 434 2338 Pauli
474 2285 614 2339 oeto
661 2278 838 2340 hame
884 2281 1008 2342 vini
1049 2265 1204 2340 iude
1253 2280 1705 2359 persoluantur.·
1826 2349 1833 2354 ,

443 2383 582 2462 lpse
631 2403 875 2465 quoque
921 2384 1302 2457 Berwardus‚
1351 2387 1735 2466 prepositure
1782 2403 2005 2464 gerens
2053 2372 2343 2464 officium,
2394 2383 2611 2446 curtim

263 2489 332 2552 in
393 2490 538 2564 vrbe
587 2485 780 2572 'Spita
843 2489 1242 2573 quadraginta
1306 2510 1416 2554 sex
1476 2493 1703 2554 mareis
1760 2491 2133 2572 comparauit
2194 2493 2354 2554 iuxta
2416 2490 2616 2552 forum

263 2597 448 2658 sitam
495 2603 560 2659 et
603 2575 771 2657 omni
813 2596 1060 2658 forensi·
1093 2598 1226 2659 vsui
1273 2597 1695 2669 commodam,
1742 2596 1921 2660 bonis
1962 2584 2211 2677 quoque
2260 2595 2517 2658 edificiis
2554 2600 2616 2657 et

259 2701 508 2763 vtilibus
571 2703 970 2774 instructam3
1049 2719 1123 2764 ex
1190 2719 1306 2782 qua
1371 2702 1490 2765 due
1560 2720 1763 2765 marce
1824 2703 2058 2782 argenti
2116 2703 2428 2781 purissimi
2489 2700 2615 2763 sol-

260 2813 521 2886 uuntur,
581 2825 696 2870 vna
759 2808 824 2870 in
877 2805 1296 2887 purificatione
1365 2815 1578 2888 sancte
1645 2806 1867 2880 Μαι-ξε,
1934 2808 2123 2869 altera
2177 2809 2241 2869 in
2304 2795 2647 2870 natiuitate‘

263 2916 468 2976 sancti
523 2913 808 2976 Iohannis
866 2915 1158 3002 baptiste,
1225 2915 1556 2994 quas·ipse
1604 2915 1667 2974 in
1716 2930 2041 2974 commune
2088 2915 2457 2993 obsequium
2500 2912 2613 2973 fra-

259 3027 424 3082 trum
469 3021 550 3088 in,
580 3021 680 3082 die
728 3023 1169 3100 assumptionis
1211 3028 1420 3082 sancte
1469 3019 1659 3082 Marie
1708 3017 2049 3097 delegauit,
2109 3027 2172 3082 vt
2236 3037 2311 3080 ea
2366 3018 2487 3080 die*
2528 3018 2609 3079 ob

259 3125 562 3194 honorem
605 3128 788 3190 beate
827 3125 934 3188 dei
973 3127 1287 3205 genitricis
1335 3126 1560 3188 Christi
1613 3141 1915 3205 pauperes
1972 3141 2045 3186 ex
2108 3125 2235 3186 suis
2294 3123 2607 3186 laboribus

263 3238 333 3294 et
382 3231 678 3295 industria
741 3239 1118 3298 recreentur.
1225 3231 1637 3293 Nihilominus
1691 3228 1859 3291 idem
1910 3228 2271 3292 Berwardus
2328 3227 2613 3308 predium

261 3339 326 3398 in
373 3337 588 3400 Husen
653 3355 794 3398 oum
857 3353 1069 3400 sorore
1136 3355 1244 3399 sua
1291 3331 1622 3418 Irmingard
1690 3335 1916 3398 dudum
1981 3334 2379 3414 possederat,
2451 3335 2613 3398 vnde

265 3442 568 3525 quandam
613 3450 849 3523 partem
895 3448 992 3506 sui
1017 3445 1188 3505 -iuris
1234 3431 1437 3505 eidem
1491 3443 1687 3504 sorori
1744 3427 2010 3502 ob‘eius
2056 3440 2471 3520 indigeneiam
2515 3459 2612 3502 re-

261 3549 594 3613 leuanda'm
635 3558 1064 3616 concesserat.
1148 3547 1278 3612 Sed
1321 3545 1456 3628 ipsa
1501 3546 1794 3622 beneficii
1832 3547 2072 3624 accepti
2116 3563 2241 3608 non
2288 3546 2613 3608 immemor

262 3662 406 3718 ante
456 3659 688 3718 obitum
735 3675 942 3730 suum,
1011 3655 1298 3737 quicquid
1345 3656 1409 3715 in
1457 3653 1682 3716 eodem
1727 3651 1939 3732 predio
1982 3652 2132 3714 iuris
2192 3643 2296 3714 aut
2338 3653 2612 3731 proprie-

263 3764 404 3825 tatis
451 3763 757 3834 habuerat,
807 3764 1000 3826 libere
1050 3769 1114 3824 et
1159 3761 1436 3832 absolute
1486 3746 1607 3820 deo
1650 3760 1951 3836 beatoque
1987 3757 2165 3819 Petro
2200 3755 2485 3830 tradidit3
2532 3751 2613 3818 de

263 3884 388 3948 quo
445 3868 662 3947 predio
729 3869 1038 3944 annuatim
1097 3869 1214 3930 tria
1277 3867 1506 3936 talenta
1568 3863 2036 3944 persoluuntur,
2104 3875 2225 3943 que
2288 3861 2491 3926 fidelis
2550 3869 2615 3926 et

263 3974 536 4055 prudens
567 3975 792 4036 Chr-isti
836 3974 1096 4036 famulus
1129 3974 1206 4034 in
1251 3979 1472 4036 octaua
1521 3970 1983 4042 Pentheeostes‚
2030 3969 2274 4050 quando
2318 3972 2615 4032 memoria

267 4087 480 4158 sancte
527 4082 811 4144 trinitatis
859 4083 1091 4161 agitur,
1145 4081 1207 4142 in
1263 4077 1603 4141 refectione
1648 4078 1910 4159 fratrum
1972 4076 2232 4168 expendi
2280 4078 2609 4140 constituit.

259 4186 400 4250 lieo
445 4190 656 4249 autem'
695 4188 898 4248 omnia
921 4230 938 4257 ,
1003 4187 1192 4246 curtis
1255 4183 1549 4246 videlieet
1580 4189 1659 4250 et
1710 4179 2029 4261 predium,
2090 4175 2153 4244 in
2198 4188 2501 4260 potestate
2550 4189 2614 4244 et

259 4288 661 4373 prouideneia
707 4285 1010 4354 uellerarii
1057 4292 1414 4361 consistant,
1461 4295 1525 4350 vt
1568 4290 1703 4368 ipse
1742 4286 2067 4368 diligenter
2094 4293 2157 4348 et
2182 4295 2299 4346 suo
2333 4287 2611 4365 tempoie

263 4401 550 4466 fratribus
595 4403 714 4462 hee
761 4398 1118 4478 impendere
1169 4404 1359 4490 curet.
1452 4401 1603 4458 Aeta
1650 4401 1791 4461 sunt
1834 4392 1953 4455 hee
2000 4391 2380 4472 presidente·
2400 4407 2607 4486 mona·
