3009 5009
1611 257 1698 324 98

1417 518 1879 610 smum.

656 657 930 741 Adelwig
971 659 1050 724 de
1087 661 1416 742 Nidlingen
1461 663 1709 728 tradidit
1745 665 1809 726 in
1844 665 2227 730 Sohal'husen
2270 665 2583 731 dimidiam
2626 669 2823 732 ecole-

473 771 626 831 siam
681 773 742 830 et
787 783 970 828 vnum
1017 766 1436 830 molendinum
1472 787 1615 830 eum
1656 777 1823 849 prato
1864 770 1940 834 ad
1977 774 2178 852 ipsum
2223 773 2652 835 molendinum
2690 793 2823 853 per-

469 874 706 935 tinente
757 879 816 934 et
865 868 1124 933 duorum
1166 871 1481 935 hominum
1531 874 1847 937 beneficia.
1941 875 2249 940 Arnoldus
2295 877 2457 940 filius
2508 880 2643 941 eius
2692 899 2819 959 pre-

475 979 646 1040 dium
687 980 748 1038 in
797 963 1020 1039 eodem
1063 977 1202 1040 loeo
1252 977 1444 1046 dedit.

1418 1152 1875 1243 Seliafltmen.

653 1293 1052 1373 Woppelinus
1093 1293 1170 1357 de
1197 1293 1560 1378 Blieningen
1611 1305 1883 1378 quartam
1918 1306 2155 1378 partem
2202 1300 2469 1400 ecclesie
2516 1303 2579 1362 in
2611 1300 2818 1364 Schat'-

475 1401 680 1463 husen
728 1407 793 1463 et
839 1399 1258 1464 molendinum
1294 1405 1357 1465 in
1405 1403 1629 1466 eodem
1666 1407 1803 1466 loeo
1844 1399 2035 1467 nohis*
2066 1405 2324 1468 tradidit.

1385 1575 1899 1646 stamheim.

650 1715 806 1778 ltem
850 1715 961 1779 Vta
1009 1723 1073 1777 et
1117 1715 1278 1778 filius
1327 1719 1462 1781 eius
1492 1717 1812 1782 Vdalrious
1860 1719 2131 1799 quinque
2178 1717 2371 1783 hubas
2416 1717 2491 1780 ad
2528 1717 2815 1781 Studern·

473 1819 642 1882 heim
686 1821 751 1883 in
786 1821 1191 1885 Wormssteld
1230 1820 1417 1884 dedit.

1436 1991 1837 2084 Toffinyen.

651 2137 824 2200 Cuno
885 2136 968 2200 de
1025 2136 1232 2203 Sultza
1297 2145 1362 2201 et
1421 2137 1609 2202 Grafft
1673 2137 1751 2201 de
1798 2137 2090 2202 Lustnow
2123 2139 2416 2219 *quinque
2481 2138 2681 2199 hubas
2744 2137 2819 2200 ad

472 2242 809 2324 Bosingeu,
855 2263 966 2326 pro
1015 2244 1234 2326 quibus
1281 2245 1666 2308 Hermannus
1716 2245 2048 2307 aduncatus
2086 2242 2164 2308 de
2194 2244 2340 2307 Owa
2386 2243 2463 2306 ad
2494 2242 2817 2324 'l'iiffingen

473 2348 628 2414 duas
673 2352 884 2423 hubas,
933 2369 1116 2414 vnum
1143 2349 1563 2415 molendinum
1610 2357 1672 2412 et
1698 2350 1901 2429 viginti
1940 2350 2153 2428 iugera
2188 2349 2313 2430 agri
2340 2349 2587 2413 tradidit
2614 2352 2813 2412 nohis.

1266 2521 1591 2590 Altheim.
1684 2520 1995 2611 magon.
2090 2583 2097 2588 .

648 2663 976 2729 Bertolffus
1023 2663 1102 2728 de
1149 2666 1437 2728 Waltorfl'
1490 2674 1555 2729 et
1614 2667 1803 2730 frater
1860 2668 1994 2729 eius
2045 2665 2247 2745 Erpho
2304 2665 2369 2726 in
2415 2662 2687 2725 Altheim
2732 2662 2820 2729 di-

469 2767 720 2848 midiam
769 2770 996 2833 hubam
1057 2777 1120 2834 et
1181 2774 1246 2835 in
1303 2773 1450 2835 villa
1495 2772 1749 2854 lhingen
1807 2778 1935 2835 tres
1992 2772 2183 2834 hubas
2228 2768 2504 2842 tradidit,
2566 2769 2637 2831 in
2699 2787 2819 2851 quo

473 2876 615 2940 loeo
663 2884 854 2941 mater
901 2879 1034 2940 eius
1081 2877 1350 2960 Luitgart
1391 2881 1561 2960 prius
1610 2878 1868 2942 dederat
1913 2878 2134 2941 hubam
2184 2884 2245 2940 et
2290 2875 2621 2939 dimidiam.

1420 3049 1849 3140 Dietlinyen.

647 3188 910 3255 Voloker
963 3195 1026 3250 et
1067 3189 1268 3292 irater.
1301 3191 1432 3251 eius
1479 3190 1723 3270 Seliger
1778 3189 1857 3251 de
1904 3187 2164 3252 Stetfeld
2224 3183 2537 3250 dimidiam
2586 3188 2821 3251 hubam

473 3305 534 3359 et
569 3313 755 3358 vnum
799 3295 1074 3358 vinetum
1117 3296 1183 3357 in
1226 3295 1581 3374 Dietlingen
1629 3302 1839 3358 saneto
1878 3295 2055 3357 Petro
2098 3293 2358 3357 tradidit.
2389 3296 2420 3374 ΙΙ

405 3547 410 3552 .
472 3479 609 3554 [rol.
629 3477 799 3549 68η]
1171 3439 1629 3557 ’Νἰπρανῦωι
1717 3465 2099 3555 Bmchlaq.
2237 3525 2247 3530 -

645 3611 1028 3675 Burekardus
1088 3609 1166 3674 de
1221 3611 1624 3676 Strnbenhart
1685 3609 1761 3671 ad
1806 3610 2163 3690 wingarten
2197 3608 2475 3683 hubam,
2542 3611 2823 3672 vinetum

471 3726 536 3781 et
579 3725 814 3800 pratum
861 3724 925 3804 et
968 3718 1292 3798 plusquam
1338 3723 1598 3797 quatuor
1644 3721 1848 3777 curtes
1867 3762 1883 3787 ‚
1958 3722 2019 3778 et
2078 3714 2153 3777 ad
2207 3715 2511 3797 Busehlag
2567 3715 2823 3778 salicam

441 3829 694 3885 'terram
737 3828 803 3883 et
845 3819 1138 3903 quicquid
1181 3821 1412 3884 ibidem
1455 3822 1777 3892 habuerat,
1824 3817 2083 3882 tradidit.

1077 4075 1094 4080 -
1444 3991 1830 4079 Sultaefeld.

613 4119 971 4228 ‘Wolffhert
1016 4133 1096 4198 de
1143 4134 1411 4199 Alenfelt
1452 4143 1580 4200 tres
1624 4134 1823 4199 hubas
1872 4133 1947 4198 ad
1996 4131 2289 4226 Sultzfeld
2335 4132 2599 4197 tradidit.
