3009 5009
1573 266 1654 331 10

437 448 556 509 hoc
633 452 730 507 est
793 445 858 505 in
922 456 1068 508 auro
1133 452 1202 507 et
1259 450 1577 523 argemo,-
1626 446 1690 504 in
1763 460 2026 524 purpura
2078 450 2163 505 ·et
2226 442 2389 505 vasis
2454 443 2791 523 argenteis,

376 532 388 541 ’
439 552 614 633 plura
640 559 722 613 -et
768 550 928 616 varia
974 548 1226 613 donaria
1271 550 1510 614 obtulit.
1572 551 1981 615 consecratus
2028 556 2126 612 est
2169 555 2375 612 autem
2405 548 2677 611 Treuiris
2710 550 2789 611 ab

438 657 617 722 ‚illino
675 656 1136 735 archiepiscopo
1197 662 1408 735 quarto
1453 674 1651 720 nonas
1698 656 1928 728 Martii,
1994 672 2115 735 quo
2174 654 2279 717 die
2326 652 2627 716 dominica
2686 672 2795 717 se·-

441 763 638 827 cunda
681 769 978 825 euenerat
1011 761 1496 842 quadragesime.
1556 762 1672 825 Hic
1704 763 2019 843 suppleuit
2052 759 2443 833 ebdomadae,
2490 778 2609 841 que
2646 777 2801 839 pre-

437 869 756 933 decessori
803 868 938 929 cius
987 866 1314 930 defuerunt
1359 867 1438 929 de
1470 869 1717 949 triginta
1754 885 1865 931 sex
1907 867 2103 939 annis.
2164 866 2317 928 Nam
2362 872 2503 927 octo
2548 870 2795 927 tantum

437 974 796 1055 septimanis
859 972 1112 1052 prefuit;
1175 981 1388 1037 octavo
1443 974 1559 1037 kal.
1607 973 1794 1054 April.
1840 975 2031 1056 prima
2074 973 2277 1052 vigilia
2334 973 2562 1044 noctiS‚
2628 973 2799 1033 sicut

439 1078 848 1159 predecessor
894 1079 1060 1150 eius,
1105 1073 1432 1143 ‘discessit
1481 1083 1489 1089 '
1528 1066 1917 1143 Tumulatur'
1946 1081 2008 1141 in
2068 1080 2283 1143 maiori
2332 1078 2597 1141 ecclesia
2644 1084 2793 1139 ante

438 1186 626 1249 altare
647 1230 654 1237 .
673 1168 948 1247 omnium
987 1180 1353 1247 sanctorum.
1393 1268 1400 1273 .

1091 1358 1154 1424 7.
1245 1356 1363 1425 De
1405 1354 1823 1449 aneyoldo
1869 1356 2129 1425 abbate.
2238 1434 2253 1447 ,
2352 1444 2361 1451 -

619 1501 798 1565 Anno
843 1502 1076 1565 domini
1121 1503 1452 1565 millesimo
1499 1504 1841 1565 centesimo
1886 1504 2381 1584 quinquagesimo
2422 1510 2593 1572 sexto
2639 1520 2793 1564 con-

398 1626 402 1630 ·
439 1608 704 1672 stituitur
747 1608 1012 1672 domnus
1055 1608 1458 1701 manegoldus
1503 1610 1691 1672 abbas
1728 1612 1891 1671 circa
1928 1610 2141 1671 horam
2176 1611 2449 1672 terciam·
2480 1609 2617 1687 ipso
2662 1608 2795 1680 die,

443 1734 564 1797 quo
627 1733 954 1795 precessor
1020 1719 1152 1779 eius
1219 1715 1508 1779 decessit.
1600 1715 1715 1779 llic
1765 1723 1894 1779 erat
1938 1724 2167 1779 statura
2210 1717 2456 1788 breuis,
2522 1706 2796 1795 excog-

443 1822 689 1884 uatione
735 1820 1198 1900 predecessoris
1237 1823 1370 1894 sui,
1418 1839 1617 1883 annos
1658 1823 1835 1884 etatis
1874 1823 2105 1883 habens
2150 1808 2281 1885 fere
2328 1822 2448 1885 LX.
2522 1822 2797 1883 Primum

447 1933 571 1988 erat
627 1925 865 1989 adiutor
925 1930 1226 2001 cantoris,
1295 1936 1356 1990 et
1411 1930 1474 1990 in
1534 1929 1668 2007 ipso
1725 1928 1927 1990 officio
1989 1929 2351 1990 constitutus
2411 1929 2548 2009 plus
2602 1945 2795 2007 quam

445 2032 752 2111 sexaginta
788 2032 974 2095 libros
1005 2034 1158 2097 fecit
1185 2036 1508 2107 conscribi,
1544 2036 1755 2099 amicis
1784 2035 2326 2100 eius-secularibus
2353 2034 2459 2096 dei
2488 2042 2552 2096 et
2578 2052 2791 2095 amore

445 2139 578 2199 eius
623 2137 701 2199 ad
746 2138 864 2201 hoc
909 2144 1185 2218 sumptus
1235 2140 1815 2204 administrantibus.
1904 2140 2118 2203 Postea
2164 2141 2327 2219 prior
2376 2142 2441 2203 in
2486 2140 2695 2201 maiori
2724 2134 2775 2219 Μ’

443 2250 594 2316 [Fol-
633 2250 760 2319 o·.]
797 2247 1170 2308 monasterio
1215 2246 1430 2309 factus,
1504 2245 1738 2308 Eodem
1778 2264 1939 2309 anno
1984 2246 2441 2309 consecrandus
2489 2246 2677 2308 multo
2726 2252 2797 2307 et

441 2349 680 2411 celebri
745 2350 1034 2415 comitatu
1075 2350 1335 2435 ‘Spiram
1398 2350 1831 2429 proficiscitur,
1898 2351 1997 2414 vbi
2056 2352 2205 2413 fere·
2244 2352 2457 2431 viginti
2496 2352 2789 2432 -quinque

439 2457 728 2517 monachi
774 2458 832 2517 in
873 2457 1164 2519 sabbatho
1211 2458 1318 2520 ΧΠ
1364 2459 1696 2546 lectionum
1740 2442 2102 2521 autumnalis
2142 2458 2356 2519 ieiunii
2388 2476 2423 2521 a
2452 2458 2789 2532 Gunthero,

441 2558 720 2639 Spirensi
767 2561 1091 2642 episcopo,
1154 2562 1527 2625 ordinantur.
1622 2562 1874 2625 Postera
1920 2562 2039 2635 die,
2087 2564 2207 2624 hoc
2254 2570 2351 2625 est
2396 2562 2637 2626 decimo
2680 2565 2789 2625 ka-

440 2664 762 2729 lendarum
799 2670 1134 2731 octobrium
1172 2664 1302 2741 die}
1347 2678 1743 2737 consecratus
1800 2677 1893 2732 est
1938 2670 2099 2749 ipse,
2150 2671 2484 2733 astantibus
2522 2672 2637 2733 sibi
2674 2690 2791 2735 sex

375 2840 379 2845 p
443 2770 754 2835 abbatibus
775 2818 791 2844 ,
839 2773 1076 2837 festiuis
1121 2775 1368 2837 indu-tus
1415 2778 1711 2849 vestibuS,
1758 2778 1820 2836 in
1869 2770 2052 2838 domo
2098 2783 2310 2838 sancte
2358 2774 2549 2839 Marie
2588 2778 2791 2859 Spire,

447 2876 550 2939 die
599 2876 921 2940 dominico.
987 2878 1104 2954 Hic
1141 2889 1324 2961 gente
1361 2881 1727 2943 Francorum
1766 2888 1961 2953 ortus,
2008 2880 2303 2965 placidus·
2328 2889 2461 2945 erat
2496 2885 2791 2957 moribus,

445 2987 686 3057 susum,
735 2984 998 3049 affabilis
1045 3005 1204 3067 eque
1250 2988 1563 3061 omnibus,
1611 2986 1885 3060 humilis,
1935 2995 2137 3049 castus
2176 2994 2239 3050 et
2274 2974 2459 3050 homo
2504 2989 2791 3054 fidelissi·

409 3109 602 3157 .mus.
693 3088 920 3155 Premit
980 3095 1162 3155 annis
1221 3093 1473 3165 decem,
1542 3094 1863 3157 mensibus
1910 3086 2196 3174 quatuor,
2263 3094 2479 3157 diebus
2525 3102 2791 3176 septem.

445 3196 612 3259 Obiit
655 3199 766 3259 kal.
818 3200 1074 3277 Augusti
1117 3208 1258 3279 post
1299 3193 1655 3262 meridiem.
1742 3199 2103 3264 Tumulatu‘r
2164 3207 2305 3263 ante
2351 3201 2541 3265 altare
2568 3204 2794 3265 sancti

445 3302 785 3365 Michaelis.
1560 3323 1567 3329 ·

1135 3477 1212 3557 8.
1301 3476 1418 3545 De
1459 3476 1785 3569 Rtgpcrto
1830 3476 2089 3551 abbate.

620 3626 796 3700 Anno
831 3621 1136 3687 dominice
1179 3624 1615 3689 incarnationis
1652 3625 1983 3688 millesimo
2022 3628 2359 3689 centesimo
2404 3626 2795 3711 sexagesimo

445 3729 658 3807 quinto
707 3727 934 3819 domno
977 3728 1346 3811 Manegoldo
1389 3730 1611 3821 abbate
1660 3731 1738 3793 de
1784 3712 1989 3795 medio
2036 3730 2229 3805 facto,
2294 3731 2575 3805 succedit
2620 3732 2679 3793 ei
2723 3734 2793 3793 in

445 3832 684 3897 claustri
715 3833 1015 3913 regimine
1051 3833 1311 3897 domnus
1338 3836 1671 3915 nuperius,
1717 3838 1809 3899 vir
1838 3854 2095 3917 procere
2134 3844 2385 3912 stature,
2423 3846 2793 3918 personatus

446 3938 604 4001 facie
651 3943 716 3999 et
757 3938 1009 4017 pulchra
1043 3939 1430 4020 venerandus
1473 3943 1733 4003 canicie.
1772 3941 1913 4005 Hic
1958 3940 2141 4023 gente
2186 3942 2554 4005 Francorum
2600 3950 2791 4015 ortus,

443 4043 717 4124 placidus
765 4052 896 4107 erat
952 4045 1014 4111 iu
1077 4047 1383 4119 moribus,
1451 4048 1715 4109 consilio
1772 4048 1969 4112 bonus
2036 4057 2097 4111 et
2160 4051 2221 4111 in
2285 4052 2473 4113 rebus
2535 4049 2793 4129 agendis

449 4137 949 4229 circumspectus.
1043 4150 1312 4213 Primum
1359 4129 1575 4217 abbas-
1592 4151 1706 4215 fuit
1748 4153 2181 4235 Gottesaugie‚
2227 4154 2327 4218 vbi
2375 4154 2551 4216 dum
2564 4159 2792 4233 impor-

449 4259 766 4321 tunitatem
831 4255 1206 4339 quorundam
1271 4276 1418 4330 sua,
1496 4278 1621 4322 non
1685 4278 1803 4339 que
1864 4260 2013 4322 lesu
2080 4261 2336 4332 Christi,
2404 4263 2793 4341 querentium

447 4364 606 4427 ferre
655 4380 778 4431 non
826 4371 1068 4445 posset,
1115 4364 1348 4427 relictis
1395 4366 1551 4437 illis,
1600 4380 1755 4445 qnos
1792 4365 2163 4428 incurabiles
2207 4365 2379 4437 vidit,-
2422 4366 2683 4432 abbacia·
2718 4385 2791 4428 se

3004 748 3007 755 ι
