3009 5009
1632 262 1717 329 30

503 444 566 505 in
632 443 867 505 honore
933 447 1144 503 sancte
1209 448 1270 503 et
1333 438 1650 503 indiuidue
1710 442 1991 504 trinitatis
2053 447 2116 503 et
2180 440 2407 502 domini
2466 442 2657 501 nostri
2706 438 2846 502 lesu

504 549 722 611 Christi
763 549 1152 629 glorioseque
1200 548 1448 627 virginis
1495 546 1717 619 Mario,
1777 548 2137 611 Sanctorum
2200 547 2464 635 loaehim
2512 556 2575 609 et
2619 547 2801 608 Anne
2827 544 2856 631 Η

503 661 637 727 [ποι.
657 659 826 727 ιιι]
874 660 1188 733 parentum
1239 654 1392 727 eius,
1437 650 1633 715 Marie
1672 652 1940 733 Cleophe
1990 660 2051 715 et
2074 652 2299 731 Maris„
2316 652 2579 723 Salome,
2626 652 2855 733 loseph

503 762 752 825 nutricii
789 766 888 821 tie
952 759 1152 823 tocius
1215 760 1535 841 progeniei
1594 759 1921 822 saluatoris
1944 805 1959 831 ‚
2026 776 2144 823 nee
2206 777 2329 821 non
2390 767 2453 821 et
2480 760 2568 835 -in
2614 759 2853 821 honore

500 846 851 929 sanctorum
896 863 1142 927 Andree
1193 866 1452 945 apostoli
1472 910 1488 936 ,
1550 862 1741 927 Marie
1786 863 2155 945 Magdalene
2174 909 2190 935 ,
2236 863 2467 927 Marthe
2516 871 2579 926 et
2622 864 2852 934 Lassi-i,

499 971 770 1043 loannis,
817 969 1066 1042 Mathei,
1112 969 1303 1031 Marci
1350 977 1418 1035 et,
1457 970 1623 1031 Luce
1673 971 2204 1050 euangelistarnm,
2253 970 2547 1050 Gregorii,
2594 971 2851 1033 Ambro-

498 1079 609 1150 sii,
654 1077 972 1157 Augustini
1021 1082 1084 1139 et
1126 1074 1458 1138 Hieronimi
1507 1076 1859 1149 doctorum,
1906 1075 2209 1139 Anastasii
2250 1076 2553 1155 pontificis
2574 1123 2591 1149 ,
2638 1078 2851 1139 Wolff·

499 1183 686 1265 gangi
731 1183 1023 1263 episeopi,
1077 1181 1334 1254 onufrii,
1379 1183 1659 1263 Eustasii,
1708 1182 1995 1245 Fridolini
2034 1183 2475 1255 confessorum,
2514 1184 2848 1255 Vincentii,

495 1288 746 1362 Georii,
806 1287 1029 1359 Blasii,
1089 1288 1318 1349 Erasmi
1342 1333 1361 1360 ,
1403 1287 1835 1350 Panthsleonis
1854 1334 1871 1360 ,
1920 1289 2080 1360 Viti,
2130 1287 2485 1351 Christot'eri
2506 1335 2522 1361 ,
2568 1290 2847 1362 Dionisii‚

501 1394 749 1468 Girioei,
797 1393 1063 1473 Achatii,
1107 1393 1444 1466 Eustachii,
1491 1378 1715 1475 Egidi'i,
1761 1394 2043 1467 Barbare,
2091 1392 2449 1475 Margarete,
2498 1394 2847 1468 mathei-ine,

499 1503 750 1575 Geeilie3
786 1499 1028 1571 Helene
1061 1500 1295 1579 regine,
1333 1500 1599 1582 Pelagie,
1638 1500 1830 1563 Mai-ie
1872 1502 2203 1581 'egyptiaee‚
2241 1500 2613 1581 Helysabeth
2640 1501 2847 1574 vidue,

499 1608 666 1673 Affre
713 1608 1132 1687 sodaliumque
1181 1608 1336 1668 eius.
1429 1606 1501 1668 Et
1554 1608 1619 1667 in
1670 1606 1890 1669 eodem
1934 1609 2105 1669 altari
2152 1610 2539 1671 eontinentur
2581 1610 2847 1689 reliquie

497 1717 564 1780 S.
609 1714 802 1779 Mai-ie
849 1712 1228 1793 Magdalene,
1276 1710 1521 1776 Andree
1570 1714 1861 1793 apostoli,
1912 1713 2146 1786 Georii,
2195 1714 2651 1789 Panthaleonis‚
2700 1715 2849 1777 Vin-

501 1825 688 1886 eentii
719 1830 780 1886 et
806 1818 1163 1882 christofori
1209 1826 1555 1899 martyrum,
1602 1819 1903 1881 Ambrosii
1954 1826 2016 1881 et
2041 1819 2349 1883 Anastasii
2396 1822 2845 1892 confessorum,

499 1929 750 2001 Ceeilie,
797 1927 1104 2005 Notpurge
1154 1932 1215 1987 et
1261 1924 1545 1987 vndecim
1589 1926 1821 1986 milium
1865 1916 2191 2005 virginum,
2240 1910 2617 2008 Helysaheth
2664 1928 2846 1991 vidue

498 2041 562 2096 et
606 2012 861 2098 aliorum
907 2032 1236 2093 multorum
1283 2036 1633 2092 sanctorum
1681 2037 1743 2092 et
1790 2038 2155 2094 sanctarum.

851 2168 858 2175 ¹
900 2177 1272 2271 Dedicatio
1319 2202 1619 2273 oratorii
1661 2204 1969 2270 omnium
2010 2207 2435 2271 sanctorum.

673 2346 852 2413 Anno
901 2345 1136 2409 domini
1170 2348 1496 2411 millesimo
1536 2326 2133 2429 quadringentesimo
2171 2346 2545 2429 octogesimo
2582 2355 2846 2431 septimo

499 2450 844 2515 dedicatum
905 2459 1003 2516 est
1045 2454 1372 2519 oratorium
1417 2456 1695 2516 omnium
1742 2462 2095 2519 sanctorum
2138 2474 2175 2517 a
2211 2456 2510 2518 Heinrioo
2531 2503 2548 2528 ‚
2610 2456 2846 2521 Termi·

496 2558 744 2637 polensi
793 2558 1115 2637 episeopo,
1169 2560 1232 2620 in
1279 2559 1513 2621 honore
1562 2566 1771 2622 sancte
1820 2568 1881 2623 et
1925 2560 2239 2623 indiuidue
2286 2562 2561 2624 trinitatis
2606 2569 2672 2624 et
2718 2581 2845 2624 om·

497 2663 678 2724 nium-
727 2668 1100 2727 sanctorum.
1197 2664 1855 2727 Continentur'autem
1900 2666 1963 2726 in
2008 2666 2179 2728 altari
2220 2666 2477 2747 reliquie
2526 2666 2605 2728 de
2654 2666 2845 2749 digito

496 2768 694 2831 sancti
731 2767 892 2839 Retri
931 2770 1207 2850 apostoli,
1259 2769 1480 2833 decem
1528 2772 1759 2833 milium
1804 2777 2151 2852 martyrum,
2202 2770 2423 2848 Georii,
2444 2772 2741 2853 sflypoliti
2785 2783 2849 2837 >et

497 2876 856 2940 Christofori
916 2884 1240 2957 martyrum
1261 2924 1278 2951 ,
1344 2880 1613 2951 Aurelii,
1676 2879 1905 2941 Nicolai
1955 2885 2017 2941 et
2061 2880 2351 2943 Anthonii
2397 2881 2847 2961 eonfessorum,

493 2981 752 3063 Agathe,
798 2982 1146 3056 Katherine‚
1192 2984 1474 3047 vndeeim
1518 2986 1752 3047 milium
1788 2986 2083 3065 virginum
2122 2994 2185 3049 et
2218 2986 2423 3071 Marie·
2450 2986 2843 3068 Magdalene‚

495 3086 577 3151 de
642 3090 806 3171 ligno
869 3072 1107 3153 viuiflee
1173 3076 1376 3152 erneis
1443 3098 1508 3152 et
1570 3091 1657 3153 de.
1713 3109 1927 3169 mensa
1988 3093 2236 3156 domini.
2320 3092 2644 3157 Dedicatio
2712 3096 2843 3156 eius

493 3203 817 3279 peragetur
844 3194 1148 3257 dominica
1177 3195 1442 3274 proxima
1469 3201 1610 3257 ante
1638 3198 2018 3259 ascensionis
2044 3197 2357 3262 dominice
2388 3197 2842 3261 solennitatem.

577 3418 611 3427 ...a

1467 3560 1871 3577 ῥ-ο-τ--υ--φ-ἓ--η-

2983 633 2988 703 l
