3009 5009
1536 278 1575 341 2

391 472 602 519 eorum
647 455 850 516 locum
899 453 1104 515 clerici
1150 452 1692 524 substituerentur,
1752 453 1923 532 quia,
1974 459 2032 515 vt
2078 455 2373 532 scriptum
2418 462 2543 525 est,
2610 472 2735 537 non

387 567 635 645 propter
677 560 879 622 locum
925 560 1239 631 homines,
1291 559 1404 622 sed
1451 567 1700 639 propter
1743 560 2022 624 homines
2078 558 2235 621 deus
2286 560 2455 639 eligit
2508 562 2735 634 locum,

388 686 521 741 seu,
569 664 732 749 quod
776 668 970 747 magis
1011 668 1278 729 estimari
1323 673 1547 747 potest,
1598 665 1762 746 quod
1805 683 1917 744 per
1961 665 2229 727 diuinam
2274 667 2740 745 prouidenciam

389 790 462 835 ex
487 772 614 847 ,hac
647 770 1050 837 diminutione
1091 770 1167 833 ad
1201 771 1446 834 maioris
1483 771 1815 851 spiritualis
1846 771 2167 850 discipline
2200 773 2535 835 vbertatem
2572 774 2742 837 idem

386 880 558 941 locus
617 874 942 939 sublimari
986 877 1429 957 disponeretur.
1526 876 1705 951 Quod
1764 884 1827 938 et
1882 886 2093 957 postea
2140 876 2347 957 patuit.
2450 880 2573 942 Sub
2621 881 2741 942 hac

389 1003 534 1065 ergo
580 985 1000 1045 immutatione
1048 984 1368 1064 aliquantis
1423 986 1597 1045 annis
1650 984 1953 1046 deuolutis
1982 987 2425 1063 ⁴possessiones
2466 986 2743 1048 ecclesie

389 1091 463 1153 ab
500 1091 724 1171 iniquis
763 1090 1142 1153 iuuasoribus
1183 1089 1470 1153 distracta
1512 1098 1682 1163 sunt,
1730 1094 2139 1170 manuscripta
2180 1111 2457 1171 quoque,
2508 1112 2626 1172 que
2665 1094 2742 1173 ab

389 1197 649 1278 antiquis
693 1197 1068 1277 principibus
1105 1216 1215 1277 pro
1263 1198 1385 1258 loci
1421 1198 1742 1261 stabilitate
1782 1198 1937 1259 facta
1978 1198 2231 1269 fuerant,
2283 1198 2571 1277 disrupta,
2621 1216 2745 1259 nec

392 1321 516 1365 non
555 1302 877 1365 castellum
918 1301 1120 1365 Kalwa
1155 1309 1567 1382 nuncupatum
1604 1305 1667 1363 in
1712 1305 1845 1382 ipso
1894 1304 2164 1364 ecclesie
2212 1304 2399 1365 fundo
2449 1310 2545 1365 est
2592 1322 2743 1365 con-

392 1417 706 1473 structum.
801 1408 932 1471 Hec
995 1410 1216 1471 iniusta
1280 1408 1591 1472 hereditas
1654 1410 1731 1471 ad
1790 1412 2032 1495 iniquos
2097 1410 2363 1472 heredes
2428 1430 2539 1491 per
2598 1398 2743 1473 suc-

391 1519 712 1579 cessiones
773 1516 1134 1588 deuoluitur,
1183 1534 1302 1596 quo
1349 1534 1547 1596 usque
1592 1514 1684 1577 ad
1729 1515 2122 1579 Adalbertum
2170 1520 2476 1579 Comitem
2536 1521 2744 1581 senio-

391 1639 525 1683 rem
572 1624 742 1702 quasi
787 1622 1156 1685 hereditario
1209 1623 1339 1683 iure
1399 1623 1591 1701 ipsius
1649 1622 1767 1685 loci
1823 1625 2102 1700 peruenit
2148 1624 2575 1703 prouidencia,
2638 1626 2746 1704 qui

395 1726 660 1787 auaricie
698 1726 886 1787 frenis
923 1720 1156 1797 laxatis,
1207 1745 1325 1807 que
1367 1728 1555 1787 ceteri
1594 1725 1899 1805 parcendo
1937 1728 2159 1789 intacta
2197 1729 2593 1816 reliquerant,
2641 1731 2746 1791 hic

392 1830 622 1910 absque
667 1833 904 1893 timoris
957 1830 1059 1892 dei
1111 1838 1399 1910 respectu
1456 1848 1637 1911 quam
1682 1832 1851 1909 plura
1898 1834 2208 1895 contraxit.
2276 1832 2404 1895 Sed
2452 1852 2591 1895 cum
2637 1835 2746 1898 diu

395 1938 507 2003 bac
561 1938 717 2000 mala
775 1944 941 2017 parta
1000 1936 1338 2000 hereditate
1401 1938 1723 2017 potiretur,
1794 1926 2084 2018 contigit,
2148 1941 2401 2002 beatum
2464 1939 2745 2003 Leonem

395 2062 623 2119 nonum
657 2042 939 2107 eiusdem
977 2045 1246 2106 nominis
1277 2042 1513 2124 papam,
1555 2044 1925 2107 auunculum
1954 2044 2241 2108 videlicet
2276 2046 2535 2126 predicti
2562 2046 2747 2109 Adai-

395 2158 531 2224 [ποι.
561 2154 678 2224 8...]
717 2152 907 2221 berti,
973 2148 1048 2211 ad
1093 2150 1485 2211 inuisendum
1541 2165 1800 2230 regnum
1830 2152 1861 2231 ΙΙ
1890 2150 2383 2214 theutonicorum
2444 2144 2521 2213 de
2572 2152 2745 2215 ltalia

393 2268 786 2345 progressum
824 2255 901 2317 ad
933 2254 1200 2317 eundem
1225 2257 1316 2317 'ob
1349 2255 1893 2334 consanguinitatis
1932 2273 2180 2317 causam
2219 2256 2556 2319 divertisse.
2624 2257 2750 2333 Qui

396 2362 474 2425 de
519 2364 677 2447 tama
726 2364 924 2423 sancti
951 2362 1182 2423 Aurelii
1221 2361 1477 2425 audiens
1515 2380 1625 2441 pro
1666 2370 1832 2423 certo
1872 2365 2031 2425 scire
2072 2364 2388 2443 cupiebat,
2456 2366 2506 2426 si
2546 2366 2743 2443 ipsius

393 2451 740 2531 sancti'viri
792 2462 1080 2547 reliquie,
1135 2474 1196 2529 vt
1241 2466 1613 2547 fama‘tulit,
1670 2467 1734 2527 in
1782 2466 2006 2529 eodem
2065 2468 2217 2531 loco.
2256 2476 2741 2533 reseruarentur.

391 2574 478 2636 Ex
537 2575 732 2654 ipsius
793 2576 1159 2654 comitisque
1217 2580 1512 2653 precepto
1570 2575 1885 2636 accersitis
1944 2574 2271 2638 artificibus
2332 2596 2457 2638 non
2504 2575 2747 2639 modica

395 2678 752 2744 difficultate
813 2680 1122 2759 quesitum
1171 2686 1294 2741 est·
1323 2696 1394 2741 ac
1441 2678 1781 2758 desperatis
1826 2681 2013 2741 rebus
2062 2686 2297 2742 cassato
2330 2681 2561 2763 ¹labore
2611 2701 2750 2744 ces-

397 2790 612 2846 satum.
706 2783 833 2847 Sed
881 2781 1204 2863 diligencia
1246 2783 1567 2847 cuiusdam
1612 2784 1963 2863 peritissimi
2011 2784 2256 2847 artificis
2300 2786 2593 2860 adhibita,
2642 2790 2749 2869 qui

395 2908 468 2953 ex
512 2890 1101 2972 Veneeiepartibus
1150 2909 1291 2953 cum
1335 2890 1476 2953 filiis
1534 2890 1904 2961 aduenerat,
1976 2892 2077 2971 qui
2128 2894 2310 2954 etia-m
2356 2892 2748 2972 postmodum

394 2996 584 3061 muita
611 2996 921 3063 beneficia·
945 2998 1150 3059 eidem
1185 2998 1322 3059 loco
1351 3004 1478 3059 arte
1510 3014 1621 3058 sua
1652 2995 2196 3069 administranerat,
2228 3000 2441 3063 subter.
2467 3005 2748 3061 canatum

395 3103 600 3163 locum
631 3120 703 3165 ex
731 3104 1087 3164 malleorum
1123 3098 1596 3181 repercussione
1636 3098 1926 3173 aduertit,
1966 3120 2084 3163 nec
2124 3104 2261 3163 sine
2290 3120 2513 3182 magno
2539 3106 2747 3167 labore

397 3206 644 3269 tandem
691 3209 908 3280 subter·
947 3208 1523 3287 latentem-paruam
1570 3197 1870 3268 cameram
1919 3207 2169 3279 inuenit,
2216 3202 2279 3268 ih
2318 3216 2445 3287 ‘qua
2488 3209 2750 3273 adorna-

393 3322 522 3391 tum
541 3314 916 3403 sarcofagum
941 3329 1080 3374 cum
1111 3314 1352 3375 ossibus
1375 3312 1705 3377 venerandi
1728 3315 2099 3381 confessoris
2124 3314 2361 3387 Christi,
2392 3314 2750 3395 Apostolico

394 3422 800 3503 omnibusque
843 3434 959 3483 vna
1009 3418 1444 3501 gaudentibus,
1491 3420 1740 3498 reperit.
1818 3420 2190 3501 -necognitis
2238 3422 2419 3500 igitur
2463 3423 2535 3483 ab
2582 3421 2749 3502 Apo-

393 3511 616 3591 stolico
659 3527 882 3601 causis,
931 3525 1008 3589 d‘e
1040 3528 1256 3608 quihus
1285 3526 1360 3587 ad
1400 3532 1628 3589 tantam
1674 3524 2083 3590 defectionem
2122 3527 2457 3605 spiritualis.
2488 3530 2607 3590 vite
2646 3528 2753 3589 hic

396 3652 576 3698 sacer
631 3635 806 3697 locus
865 3636 1244 3716 peruenerit,
1311 3634 1424 3696 snb
1483 3621 1956 3695 comminatione
2018 3632 2323 3696 tremendi
2372 3633 2592 3696 iudicii
2648 3634 2753 3697 dei

396 3742 696 3822 prefatum
759 3743 1051 3811 comitem
1097 3740 1454 3813 admonuit,
1512 3746 1581 3802 vt
1623 3741 1845 3801 iniuste
1907 3756 2199 3820 possessa
2255 3741 2629 3822 relinqueret
2690 3748 2757 3803 et

399 3862 570 3907 sacre
635 3845 850 3925 regule
916 3844 1346 3907 obseruatores
1411 3844 1474 3906 in
1547 3844 1769 3906 eodem
1826 3844 1965 3905 loco
2026 3846 2353 3907 restituere
2422 3852 2749 3927 satageret.

397 3952 532 4027 Qua
607 3952 1084 4031 commonitione
1148 3951 1536 4031 perterritus,
1614 3957 1823 4014 vetere
1892 3952 2172 4038 ecclesia·
2225 3951 2565 4025 destructa,
2632 3970 2757 4033 que

399 4057 646 4139 quidem
695 4059 972 4137 spaciosa
1019 4046 1237 4119 sedin
1283 4056 1529 4119 modum
1556 4063 1847 4119 fveterum
1892 4058 2299 4119 ecclesiarum
2348 4061 2481 4121 sine
2520 4058 2757 4119 colum-

399 4180 614 4231 narum
650 4164 1064 4225 sustentaculo
1113 4168 1460 4225 constructa
1499 4146 1731 4235 fuerat,
1788 4180 2012 4224 novum
2068 4166 2531 4234 monasterium,
2588 4162 2759 4244 quod

398 4269 474 4333 ad
518 4276 723 4332 nostra
766 4285 957 4349 vsque
1005 4275 1280 4350 tempora
1325 4266 1691 4349 permansit,
1755 4268 2027 4331 construi
2071 4268 2363 4348 precepit.
2457 4271 2632 4331 Anno
2678 4268 2759 4329 ah

401 4376 814 4440 incarnatione
877 4376 1110 4439 domini
1165 4376 1494 4439 millesimo
1560 4376 2067 4455 quinquagesimo
2123 4393 2289 4437 nono
2354 4376 2600 4453 incepta
2659 4382 2761 4435 est
