3009 5009
1365 363 1442 427 51

225 542 608 609 coemuntur,
659 539 757 599 vel
795 540 846 599 si
883 540 1094 619 pisces
1137 548 1284 605 tunc
1327 544 1561 625 acquiri
1610 560 1735 604 non
1782 550 2061 622 possunt,
2108 543 2273 607 aliud
2302 546 2423 609 tale
2454 547 2587 625 pul·-

235 649 514 703 mentum
559 641 704 705 inde
753 652 1170 724 comparetur;
1217 646 1338 709 hoc
1381 656 1587 711 tamen
1634 636 1985 720 obseruate,
2034 656 2093 711 vt
2138 666 2281 711 cnm
2325 650 2586 719 duorum

231 749 650 826 apostolorum
695 750 916 813 natalis
962 752 1025 812 in
1068 770 1192 815 vno
1239 752 1340 815 die
1389 754 1706 826 eueneru,
1774 749 1935 834 quod
1978 763 2073 817 ter
2118 758 2181 817 in
2232 770 2393 820 anno
2440 776 2585 821 con·

225 854 421 932 tingit,
471 873 598 917 non
645 856 922 935 amplius,
972 873 1155 936 quam
1201 858 1267 919 in
1311 858 1470 919 festo
1516 860 1692 921 vuius
1732 859 1993 937 apostoli
2036 864 2433 925 constitutum
2471 872 2583 935 est,

229 957 431 1023 detur.
521 960 678 1023 ltem
733 961 1051 1041 predictus
1096 962 1266 1025 Bebo
1319 962 1566 1026 tradidit
1610 965 1788 1025 nobis
1838 963 1991 1027 duas
2037 966 2235 1029 hubas
2280 966 2345 1030 in
2392 968 2588 1032 Cand-

226 1070 386 1136 stat,
453 1062 532 1141 de
593 1065 814 1145 quibus
873 1067 992 1127 hoc
1051 1064 1384 1139 ordinauit,
1450 1076 1511 1131 vt
1554 1068 1617 1129 in
1666 1070 2101 1131 anniuersariis
2147 1072 2337 1151 patris
2386 1076 2483 1137 sui
2528 1084 2589 1139 et

224 1172 438 1232 matris
491 1172 749 1259 singulis
797 1172 1018 1236 diebus
1063 1192 1220 1235 vnus
1268 1174 1577 1254 quadrans
1621 1192 1827 1237 marce
1864 1194 1975 1256 pro
2004 1178 2273 1255 piscibus
2304 1182 2588 1245 emendis

224 1278 634 1357 persoluatur.
729 1279 861 1346 Hec
921 1280 1122 1343 omnia
1184 1280 1541 1361 sepedictus
1603 1282 1694 1345 vir
1738 1301 1847 1364 pro
1894 1282 2175 1349 remedio
2222 1287 2423 1350 anime
2472 1306 2585 1353 suc

227 1391 293 1444 et
337 1392 659 1464 parentum
707 1404 958 1447 suorum
1004 1386 1323 1468 fratrisque
1372 1384 1467 1449 sui
1514 1386 1845 1449 Wolffelini
1896 1396 1958 1452 et
2002 1392 2275 1455 omnium
2328 1410 2587 1457 consan-

224 1490 518 1569 guinitate
577 1492 694 1551 sibi
753 1494 1220 1553 coniunctorum
1265 1492 1346 1554 ita
1389 1489 1523 1553 fieri
1571 1490 1869 1565 decreuit,
1918 1501 1982 1556 et
2028 1512 2063 1557 a
2108 1495 2389 1561 iratribus
2446 1499 2584 1563 Hir·

226 1593 445 1673 sangie‘
473 1564 783 1657 annuatim
813 1593 1140 1679 diligenter
1167 1598 1484 1659 obseruari
1514 1596 1875 1676 importunis
1903 1600 2190 1679 precibus
2220 1603 2581 1683 supplicauit

229 1711 295 1766 et
332 1703 606 1765 obtinuit.
671 1701 797 1789 Sed
845 1709 907 1764 et
952 1703 1069 1765 hoc
1115 1720 1506 1783 summopere
1556 1704 1901 1779 inculcauit,
1948 1712 2011 1768 vt
2054 1706 2326 1785 predicta
2372 1707 2583 1788 predia

230 1808 583 1871 cellerarius
650 1814 861 1891 noster
925 1808 985 1870 in
1049 1796 1354 1888 potestate
1422 1826 1531 1870 sua
1588 1815 1650 1870 et
1697 1826 1840 1871 cura
1889 1802 2107 1872 habeat
2153 1817 2215 1872 et
2258 1830 2369 1892 pro
2414 1813 2581 1875 nulla

225 1932 488 1996 vnquam
539 1915 915 1977 necessitate
969 1914 1166 1989 alind,
1227 1932 1408 1996 quam
1465 1912 1630 1995 qnod
1687 1917 1750 1977 in
1804 1917 2081 1995 presenti
2126 1920 2581 1999 conscriptione

225 2020 532 2085 firmatum
579 2029 692 2095 est,
742 2040 924 2103 agere
969 2030 1304 2102 presumat.
1395 2021 1530 2083 Hoc
1576 2029 1783 2084 autem
1826 2028 2043 2085 totum·
2068 2032 2271 2087 actum
2318 2035 2382 2090 et
2426 2025 2583 2089 diffl-

229 2132 430 2190 nitum
477 2137 572 2191 est
614 2130 680 2189 in
727 2130 992 2210 capitulo
1019 2128 1440 2208 Hirsaugiensi
1469 2147 1679 2191 coram
1707 2130 1922 2191 abbate
1952 2130 2237 2195 Brnnone
2268 2142 2327 2195 et
2362 2140 2580 2197 cuncta

227 2236 482 2297 fratrum
545 2232 1054 2349 congregatione,
1119 2234 1220 2299 vbi
1281 2236 1466 2297 etiam
1530 2234 1733 2299 eidem
1789 2236 2023 2302 Bcboni
2079 2238 2215 2301 data
2262 2246 2358 2301 est
2401 2240 2582 2319 plena

224 2344 570 2405 fraternitas
619 2345 780 2405 sicut
824 2342 926 2406 v'ni
973 2359 1048 2404 ex
1093 2342 1432 2413 monachis,
1464 2345 1492 2422 Η
1527 2343 1667 2423 quia
1708 2360 1829 2405 non
1860 2344 2061 2406 solum
2088 2345 2207 2407 hec
2254 2352 2395 2417 [Ful.
2403 2350 2578 2431 σεε]

225 2444 539 2529 predicta,
551 2502 558 2512 ,
606 2447 719 2509 sed
779 2449 960 2510 etiam
1006 2448 1194 2515 multa
1238 2448 1350 2509 alia
1397 2446 1703 2510 beneficia
1752 2465 1903 2527 sepe
1950 2450 2127 2513 nobis
2174 2466 2313 2513 cum
2358 2466 2579 2531 magno

228 2555 454 2616 affeetu
517 2555 792 2617 caritatis
855 2552 1188 2632 impendit;
1255 2544 1428 2634 quod
1479 2554 1553 2614 ei.
1598 2552 1886 2617 dominus
1934 2558 2323 2635 omnipotens
2368 2564 2579 2619 eterna

224 2659 604 2723 beatitudine
635 2678 1124 2743 recompensare
1173 2658 1473 2740 dignetur.
1566 2661 1786 2722 Amen.

403 2764 552 2828 Post
593 2766 714 2827 hec
757 2765 1042 2829 fratribus
1087 2765 1613 2845 hirsaugiensibus
1656 2764 1919 2845 quodam
1956 2770 2233 2844 tempore
2262 2766 2331 2829 in
2360 2784 2577 2857 magna

223 2873 615 2935 tribulatione
678 2874 894 2953 positis
953 2874 1035 2935 ob
1098 2870 1579 2950 indignationem
1636 2872 1806 2951 regie
1870 2871 2237 2943 maiestatis,
2305 2870 2575 2935 debitum

225 2979 534 3060 quoddam
581 2980 692 3041 sub
740 2980 910 3058 graui
956 2978 1450 3040 interminatione
1500 2978 1816 3055 exigentis,
1864 2978 2001 3055 ipse
2047 2995 2157 3056 pro
2206 2978 2295 3039 eis
2341 2978 2574 3057 persol-

225 3088 314 3147 uit
363 3089 634 3167 quinque
680 3102 914 3149 marcas
963 3091 1026 3147 et
1071 3083 1378 3147 dimidiam
1417 3084 1665 3171 ‘probati
1708 3078 1856 3159 auri,
1902 3100 2017 3162 pro
2058 3085 2277 3163 quibus
2324 3081 2403 3145 de
2432 3101 2578 3163 pec·

225 3192 404 3254 cunia
451 3206 560 3257 sua
589 3209 727 3253 non
774 3192 978 3251 minus
1027 3188 1328 3269 expendit,
1377 3207 1557 3270 quam
1604 3187 1999 3269 quadraginta
2044 3176 2302 3268 quatuor
2344 3206 2577 3253 marcas

225 3300 485 3375 argenti.
589 3296 827 3360 Deinde
886 3300 950 3358 in
1015 3312 1313 3377 processu
1377 3298 1675 3375 temporis
1740 3297 2113 3376 conquisiuit
2172 3295 2449 3376 predium
2512 3299 2577 3359 in

220 3400 744 3479 Diefl'enbrunnen
803 3410 868 3465 et
907 3390 1300 3464 F‘rio'lssbeim
1351 3410 1411 3466 et
1454 3401 1763 3464 Blancken
1812 3403 1995 3462 situm
2040 3414 2184 3463 cum
2228 3403 2471 3480 triginta
2514 3408 2579 3465 et

221 3508 413 3569 tribus
461 3510 686 3569 marcis
735 3526 770 3570 a
815 3496 1150 3577 monachis,
1199 3506 1300 3585 qui
1347 3505 1728 3583 appellantur
1772 3502 1851 3565 de
1898 3510 2105 3564 monte
2154 3506 2377 3571 sancti
2395 3505 2572 3567 Petri.

219 3615 292 3675 In
349 3614 670 3694 predictis
684 3615 866 3677 etiam
913 3614 1066 3676 locis
1111 3611 1553 3673 Dieffenbrunn
1599 3617 1663 3671 et
1705 3605 2099 3670 Friolssheim
2146 3614 2361 3699 postea
2381 3626 2575 3671 -com-

222 3722 460 3801 parauit
503 3716 784 3800 predium
828 3718 992 3782 aliud
1041 3736 1182 3779 cum
1225 3715 1553 3796 nonaginta
1601 3714 1818 3775 marcis
1862 3712 1936 3774 ab
1984 3706 2200 3775 abbate
2230 3716 2314 3784 ab
2344 3713 2575 3797 Hugss-

221 3828 433 3890 hosen.
525 3826 703 3889 Circa
769 3826 956 3901 finem
1021 3842 1167 3887 vero
1229 3825 1354 3888 vite
1419 3840 1533 3883 sue
1593 3821 1911 3921 plusquam
1976 3819 2272 3883 ducentas
2336 3837 2576 3884 marcas

222 3932 416 3996 dedit.
506 3932 690 3997 Dedit
753 3952 997 4014 quoque
1063 3930 1341 4013 predium
1405 3927 1482 3989 ad
1533 3886 1888 4001 Blancken,
1954 3926 2033 3989 de
2092 3946 2213 4009 quo
2254 3928 2578 3995 ,annuatim

221 4059 430 4103 marca
494 4048 556 4103 et
616 4040 863 4102 dimidia
924 4016 1306 4112 dantur-,·‘vt
1358 4037 1418 4099 in
1468 4034 1569 4097 die
1617 4034 1817 4097 obitus
1864 4037 1961 4097 sui
2005 4038 2213 4098 vinum
2262 4043 2326 4098 et
2367 4036 2576 4115 pisces

223 4148 464 4208 cunctis
500 4146 780 4209 fratribus
809 4145 1331 4209 administrentur.
1387 4142 1540 4204 Nam
1568 4139 1645 4201 ad
1671 4140 1935 4202 similam
1963 4140 2309 4203 faciendam
2340 4146 2577 4219 septem

221 4253 436 4317 maltra
500 4252 578 4319 de
643 4251 856 4333 predio
921 4254 984 4313 in
1046 4250 1442 4313 Friolssheim
1507 4246 1824 4309 dabuntur.
1916 4248 2392 4308 Anniuersarius
2440 4244 2575 4303 eius

222 4376 366 4421 cum
413 4360 680 4441 quinque
728 4356 1004 4421 candelis
1049 4359 1267 4435 agitur.
1324 4354 1497 4417 Fecit
1544 4353 1729 4413 etiam
1772 4353 2249 4412 constitutiones
2292 4348 2420 4409 filie
2458 4362 2571 4423 sue

224 4468 289 4525 ct
351 4458 479 4526 filie
545 4464 775 4524 sororis
829 4478 944 4523 sue
965 4506 981 4533 ,
1049 4458 1196 4541 quid
1257 4460 1350 4519 eis
1395 4454 1649 4535 singulis
1696 4454 1873 4514 annis
1893 4497 1910 4524 ‚
1972 4470 2150 4532 quam
2198 4452 2297 4513 diu
2342 4453 2573 4525 viunnt,

887 4572 894 4575 .
2063 4555 2095 4602 ⁴
2118 4556 2145 4581 2
