3009 5009
1544 234 1588 308 8

277 426 286 437 ·
397 396 562 463 ,diem
599 395 822 458 clausit
857 401 1220 467 extremum,
1283 400 1346 457 et
1381 392 1458 459 ad
1494 392 1961 464 monasterium,
2001 398 2062 454 vt
2098 389 2581 466 desiderauerat,
2646 409 2746 455 te-

401 502 660 567 ducitur.
717 498 936 579 Magno
994 518 1140 581 ergo
1164 514 1328 584 ‘cum
1375 499 1609 560 honore
1648 499 1983 578 suscipitur
2028 514 2077 565 a,
2101 496 2635 578 Hirsaugiensibus
2684 503 2751 559 et

397 609 460 669 in
502 607 733 669 maiori
787 607 1112 670 tumulatur
1167 604 1454 667 ecclesia.
1514 602 1776 665 ,Prefuit
1827 605 1890 663 in
1946 604 2315 665 monasterio
2364 605 2539 665 annis
2596 621 2749 683 qua-

396 712 755 784 tuordecim,
783 712 1100 773 mensibus
1128 712 1345 782 tribus;
1393 712 1454 769 in
1495 708 1847 789 episcopatu
1886 726 2030 769 vcro
2059 705 2753 781 anno-vno,·mensibus

399 828 672 902 quatuor.
765 818 932 880 Obiit
975 818 1090 879 kal.
1137 816 1363 879 Martii.

577 926 729 989 Cum
775 925 1037 1005 primum
1081 924 1144 984 in
1191 924 1567 985 monasterio
1604 923 1889 985 fratribus
1928 922 2263 983 intimatum
2302 921 2540 991 fuisset,
2580 919 2751 1000 quod

397 1034 637 1095 illorum
685 1031 959 1111 spiritalis
1013 1037 1186 1109 pater
1229 1030 1290 1093 in
1341 1030 1706 1109 episcopalis
1754 1028 1977 1107 gradus
2031 1027 2385 1107 dignitatem
2431 1034 2753 1107 promotus

407 1144 610 1208 esset,
673 1136 802 1199 visa
849 1143 946 1197 est
988 1136 1145 1197 inter
1201 1152 1312 1197 eos
1371 1126 1675 1215 aliquanta
1726 1134 2053 1196 contencio
2100 1134 2351 1221 versari.
2410 1134 2599 1195 -Nam
2648 1133 2755 1193 alii

401 1244 748 1315 molestias,
797 1260 948 1323 quas
995 1244 1068 1303 ab
1107 1241 1507 1304 anterioribus
1546 1240 1929 1320 spirensium
1974 1238 2320 1320 presulibus
2356 1240 2753 1318 pertulerant,

401 1356 886 1413 rememorantes
917 1348 1183 1418 aiebant,
1226 1347 1344 1408 hoc
1375 1348 1464 1407 eis
1493 1346 1743 1407 omnino
1778 1345 2361 1425 profuturumesse,
2400 1344 2452 1405 si
2482 1344 2755 1407 eundem

403 1455 718 1527 abbatem,
779 1462 964 1537 quem
1011 1460 1075 1516 et
1119 1454 1475 1533 episcopum
1525 1451 1851 1524 haberent,
1911 1454 2087 1514 cuius
2132 1452 2485 1513 auctoritate
2534 1440 2597 1511 et
2642 1451 2756 1513 de-

402 1561 684 1623 fensione
737 1578 859 1623 non
906 1578 1118 1639 parum
1169 1558 1414 1621 comedi
1462 1576 1531 1619 se
1579 1558 1891 1619 habituros
1950 1556 2353 1629 confiderent.
2442 1556 2489 1621 E
2538 1563 2757 1619 contra

403 1667 522 1739 alii,
569 1682 694 1727 non
741 1664 904 1728 hanc
951 1682 1096 1725 esse
1135 1663 1593 1735 defensionem,
1644 1663 1758 1725 sed
1791 1665 1985 1743 magis
2025 1664 2281 1748 inicium
2322 1662 2757 1728 destructionis

407 1778 470 1833 et
517 1769 858 1833 euersionis
903 1760 1367 1853 possessionum
1414 1769 1796 1840 monasterii,
1836 1769 2185 1849 presertim
2234 1784 2374 1858 cum
2424 1770 2757 1849 episcopus

407 1894 547 1939 cum
592 1876 977 1937 multitudine
1028 1876 1283 1937 militum
1331 1858 1701 1936 multociens
1748 1890 1863 1935 eos
1903 1874 2185 1937 visitandi
2235 1891 2419 1935 causa
2466 1873 2657 1945 adiret
2692 1882 2762 1938 et

403 2002 515 2064 per
561 2001 802 2065 queque
850 1983 1200 2045 monasterii
1247 1980 1460 2061 predia
1500 1981 1853 2057 mansiones
1886 1982 2223 2053 habiturus,
2274 1988 2335 2043 et
2382 2000 2501 2060 que
2547 1982 2665 2061 ipsi
2696 1982 2729 2059 η

407 2096 556 2165 [Ful.
587 2096 698 2165 8·.]
739 2108 880 2154 cum
917 2089 1148 2152 diutina
1186 2088 1595 2152 sollicitudine
1634 2096 2130 2169 congregassent,
2168 2089 2272 2150 ille
2302 2090 2364 2149 in
2393 2090 2567 2149 breui
2598 2095 2759 2150 tem-

405 2214 556 2276 pore
587 2194 986 2275 dissipaturus
1014 2196 1252 2262 fuisset.
1311 2194 1437 2257 Sed
1469 2203 1531 2257 et
1559 2195 1675 2256 hoc
1690 2196 2105 2257 »nibilominus
2151 2194 2243 2277 eis
2272 2212 2452 2275 quam
2488 2196 2758 2256 maxime

407 2301 1000 2381 pertimescendum,
1052 2320 1130 2363 ne
1177 2300 1388 2381 predia
1436 2302 1793 2363 monasterii
1831 2318 1943 2379 per
1986 2303 2215 2362 amicos
2266 2307 2329 2361 et
2373 2300 2599 2374 milites
2644 2319 2764 2381 per

407 2410 754 2493 potenciam
819 2406 1235 2480 distribueret,
1297 2415 1360 2469 et
1421 2406 1581 2468 vnde
1650 2406 1763 2468 alia
1826 2424 2003 2486 quam
2064 2407 2321 2486 plurima
2382 2406 2763 2469 monasteria-

410 2513 716 2575 destructa
755 2516 880 2573 iam
917 2521 1265 2587 cernerent,
1315 2512 1426 2576 sibi
1463 2512 1859 2594 nibilominus
1885 2513 2211 2575 imminere·
2237 2534 2363 2575 non
2392 2513 2757 2578 dubitarent.

407 2617 586 2689 Vnde
647 2618 986 2683 consultius
1043 2618 1134 2677 eis
1181 2617 1406 2689 videri,
1466 2610 1533 2681 v't
1594 2618 1779 2678 talem
1828 2619 1945 2679 sibi
2004 2620 2285 2679 abbatem
2322 2619 2587 2696 eligant,
2652 2618 2762 2696 qui

411 2724 570 2785 inter
612 2723 750 2785 illos
797 2723 1078 2785 modeste
1124 2730 1192 2789 et
1226 2724 1587 2803 regulariter
1622 2726 1805 2797 viuat,
1856 2742 2039 2803 quam
2086 2724 2255 2786 illum
2304 2742 2489 2802 super
2534 2742 2603 2785 se
2634 2730 2759 2785 sta-

411 2830 640 2900 biliant,
689 2830 862 2897 cuius
900 2829 1222 2889 auctoritas
1255 2830 1448 2909 magis
1487 2829 1704 2890 terrori
1744 2831 1823 2889 sit·
1850 2829 2040 2909 quam'
2070 2828 2442 2891 defensioni.
2471 2825 2759 2910 *Episco-

410 2954 527 3019 pus
573 2955 718 3000 vero
755 2936 1006 2997 occulte
1054 2954 1166 3014 per
1211 2936 1474 2997 nuncios
1520 2934 1883 2998 aduocatum
1924 2942 1983 2997 et
2029 2936 2276 3007 fratres,
2326 2954 2478 3015 quos
2526 2935 2601 2996 ad
2638 2936 2763 2997 hoc

410 3041 674 3105 idoneos
721 3041 1140 3113 estimaueriat,
1191 3039 1507 3101 subnixius
1554 3040 1941 3119 precabatur,
1997 3040 2438 3102 beneficiorum
2482 3048 2763 3104 veterum

413 3162 724 3209 memores
770 3154 832 3208 vt
877 3152 1112 3219 essent,
1149 3162 1228 3206 ne
1279 3164 1349 3207 se
1396 3146 1579 3207 abiici
1623 3139 1722 3208 vel
1770 3146 1957 3209 alium
2004 3146 2064 3205 in
2114 3146 2252 3207 loco
2302 3148 2436 3207 eius
2480 3148 2763 3209 abbatem

414 3254 698 3316 substitui
745 3254 1183 3314 consentirent.
1250 3236 1446 3323 Quod*
1479 3253 1801 3314 consilium
1846 3253 2060 3314 fratres
2108 3271 2349 3336 quoque
2396 3268 2521 3315 non
2566 3254 2761 3325 latuit,

415 3360 572 3425 vnde
621 3368 684 3422 et
727 3361 846 3439 ipsi
879 3359 1166 3422 'abbatem
1224 3358 1452 3437 eligere
1516 3358 1871 3421 omnimodo
1924 3361 2300 3451 accelerant,
2363 3367 2423 3423 vt
2471 3361 2603 3423 eius
2650 3360 2765 3421 ob-

415 3474 614 3533 tectos
661 3470 916 3531 annisus
962 3468 1330 3545 intercipere
1369 3465 1665 3535 micant..

969 3654 972 3659 ·
1034 3692 1043 3697 .
1093 3642 1168 3707 4.
1257 3639 1374 3708 De
1418 3596 1766 3729 Brunonc
1811 3639 2076 3711 abbate.

591 3786 768 3849 Anno
804 3787 984 3866 igitur
1019 3786 1348 3845 millesimo
1379 3788 1719 3847 centesimo
1750 3788 1961 3864 quinto
1994 3786 2235 3865 eligitur
2270 3785 2533 3849 domnus
2558 3784 2768 3845 Bruno

413 3891 651 3962 senior,
701 3893 804 3971 qui
851 3890 1163 3970 quondam
1212 3895 1339 3951 erat
1363 3892 1703 3961 ,canonicus
1744 3899 1804 3953 et
1838 3893 2279 3975 matricularius
2320 3900 2531 3953 sancte
2568 3889 2765 3952 Marie

415 3997 618 4077 spire,
666 3996 814 4057 licet
859 3996 1182 4077 aliquantis
1231 3998 1295 4056 in
1345 3996 1478 4057 eius
1528 3998 1826 4059 electione
1871 4016 1994 4059 non
2045 3996 2577 4067 concordantibus.
2638 3994 2768 4055 Sed

414 4102 786 4185 multitudini
844 4121 984 4182 pars
1049 4103 1250 4165 minor
1296 4121 1671 4165 consensum
1714 4106 1977 4184 prebere
2034 4124 2157 4168 non
2216 4105 2433 4167 tardat.
2518 4104 2767 4165 Electus

419 4214 514 4269 est
577 4213 780 4271 autem
843 4206 1035 4288 pridie
1093 4208 1210 4269 kal.
1258 4207 1651 4281 Decembri8‚
1718 4209 1853 4289 ipso
1910 4228 2160 4283 mense,
2224 4228 2344 4291 quo
2406 4216 2771 4272 antecessor

422 4316 557 4381 eius
613 4313 1042 4400 episcopatum
1107 4314 1411 4395 suscepit,
1477 4322 1539 4377 et
1602 4316 1662 4378 in
1724 4316 1859 4396 ipso
1924 4316 2305 4391 monasterio
2360 4333 2395 4378 a
2440 4312 2766 4400 Richards,
