3009 5009
1419 333 1506 400 85

289 502 554 566 solidum
596 521 784 606 vnum
827 510 1158 588 persoluat.
1271 509 1403 574 Hec
1450 529 1695 593 quoque
1754 533 1893 577 cum
1941 527 2175 580 mortua
2218 513 2436 589 fuerit,
2500 517 2633 596 ipsa

245 610 445 672 -huba
491 608 574 704 ad·
613 630 730 673 nos
775 631 900 676 non
947 613 1024 677 ad
1069 615 1335 680 heredes
1382 635 1531 678 suos
1594 619 1726 681 iure
1782 609 1841 684 et
1890 623 2125 703 absque
2182 623 2347 682 omni
2395 626 2634 683 contra·

289 710 558 778 dictione
603 713 845 780 redibit.

811 891 988 964 κ«ιιι,
1025 887 1282 980 ,as-eaeo
1324 875 1569 965 nosti-0
1610 896 1689 962 tn
1732 897 2047 966 Gizama.

461 1034 794 1130 Erlefridus
843 1057 1054 1100 comes
1085 1034 1333 1120 'primus
1394 1041 1458 1102 in
1505 1040 1765 1106 Gilstein
1816 1042 2144 1106 duodecim
2198 1029 2395 1106 hubas
2442 1039 2631 1104 dedit.

281 1137 610 1202 Bertoldus
677 1161 891 1206 comes
953 1143 1030 1206 de
1098 1143 1436 1227 Kirchbe‘rg
1493 1148 1525 1227 ΙΙ
1578 1165 1694 1210 sex
1746 1147 1938 1216 hubas
2004 1147 2193 1212 dedit.
2306 1151 2629 1225 [nummu]

277 1244 606 1310 Bertoldns
653 1250 774 1312 dux
819 1269 1045 1314 nouem
1091 1250 1286 1314 hubas
1346 1260 1409 1315 et
1454 1253 1771 1316 dimidium
1818 1262 2157 1328 mercatum
2208 1261 2271 1317 et
2318 1251 2631 1317 dimidiam

281 1351 619 1414 ecclesiam
667 1352 853 1417 dedit.
951 1354 1092 1417 Hoc
1157 1364 1366 1418 autem
1422 1365 1634 1420 notum
1698 1358 1956 1422 facimus
2014 1361 2313 1440 posteris,
2380 1374 2495 1440 qua
2554 1355 2633 1420 de

280 1472 474 1518 causa
521 1457 638 1518 hoc
684 1459 921 1522 fecerit.
1035 1459 1439 1524 Gebehardus
1483 1466 1845 1544 episeopus,
1901 1464 2164 1544 predicti
2210 1463 2386 1525 ducis
2433 1463 2632 1535 frater,

275 1562 543 1641 primum
591 1565 760 1658 apud·
797 1583 912 1638 nos
977 1568 1311 1631 monachus
1375 1569 1569 1631 faetus
1632 1577 1744 1630 est*
1776 1577 1842 1654 et
1886 1573 2333 1651 preposituram
2378 1571 2439 1630 in
2489 1566 2634 1629 Wil-

275 1669 446 1728 heim
495 1687 634 1730 cum
674 1661 988 1744 omnibus,
1052 1691 1190 1753 que,
1239 1673 1318 1736 ad
1383 1673 1647 1736 eandem
1712 1676 2155 1755 preposituram
2219 1673 2630 1754 pertinebant,

275 1765 652 1836 hereditario
715 1779 847 1838 iure
912 1795 1055 1838 cum
1119 1795 1382 1842 assensu
1439 1778 1641 1842 fratris
1704 1779 1799 1840 sui
1856 1779 2036 1841 nobis
2102 1777 2367 1841 donauit.
2476 1777 2632 1840 Cum

272 1898 425 1974 vero
483 1895 558 1942 ex
621 1881 830 1942 nostro
887 1881 1154 1944 claustro
1211 1863 1295 1945 'ad
1359 1886 1783 1964 episcopatum
1848 1885 2390 1945 constanciensem
2456 1881 2631 1944 datus

275 1991 484 2057 esset,
533 1985 844 2064 predictus
895 1985 1014 2048 dux
1057 1969 1228 2049 omni
1273 1989 1477 2076 studig)
1526 1989 1865 2067 satagebat,
1926 1997 1989 2051 vt
2032 1991 2097 2049 in
2144 1985 2365 2050 eadem
2412 2005 2630 2068 prepo-

271 2091 464 2152 situra
512 2091 848 2152 monachos
901 2110 1042 2154 cum
1091 2093 1314 2176 abbate
1370 2097 1786 2156 consumeret.
1896 2095 1971 2156 Et
2027 2100 2089 2158 vt
2140 2094 2259 2154 hoc
2304 2093 2631 2166 obtineret,

273 2196 626 2277 predictum
667 2196 955 2275 predium
1001 2201 1062 2260 in
1110 2198 1373 2262 Gilstein
1419 2218 1559 2262 eum
1603 2190 1774 2274 omni
1824 2199 1959 2288 iure
2008 2205 2072 2261 et
2116 2199 2436 2270 libertate,
2503 2215 2622 2278 quo

269 2305 410 2382 ipse
457 2287 611 2370 ill'ud
655 2303 964 2376 habuerat,
1013 2297 1190 2366 nobis
1227 2308 1290 2366 in
1321 2303 1749 2367 concambium
1780 2303 1973 2383 dedit,
2024 2303 2360 2368 Abbaciam
2396 2311 2623 2375 tamen,

268 2417 338 2473 vt
382 2411 554 2498 prius
601 2410 892 2483 voluerat,
940 2411 1028 2472 ibi
1076 2429 1202 2473 non
1249 2413 1592 2488 constituit,
1641 2412 1780 2496 quia
1828 2416 2053 2473 mutata
2102 2417 2309 2485 mente
2356 2411 2421 2469 in
2466 2409 2626 2481 loeo,

273 2513 383 2596 qni
433 2515 590 2578 cella
639 2521 837 2579 saneti
883 2515 1046 2581 Petri
1093 2537 1208 2580 seu
1254 2519 1684 2581 Petrisshusen
1732 2517 1964 2591 dicitur,
2012 2517 2325 2588 abbaciam
2371 2514 2521 2576 fecit
2566 2522 2629 2577 et

267 2621 609 2703 predictam
655 2618 1099 2704 preposituram
1147 2645 1288 2688 cum
1335 2627 1654 2700 omnibus,
1692 2617 1845 2708 'que
1904 2625 1983 2688 ad
2037 2641 2175 2686 eam
2218 2621 2625 2704 pertinebant,

269 2727 636 2810 delegauit..
702 2729 1048 2792 waltherus
1113 2731 1190 2810 de
1238 2731 1568 2812 Dettingen
1630 2739 1885 2812 quatuor
1930 2731 2121 2792 hubas
2186 2733 2319 2809 pro'
2357 2747 2427 2791 se
2488 2730 2625 2808 ipso

270 2835 339 2900 in
381 2833 642 2898 Gilstein
689 2836 890 2912 dedit,
957 2840 1228 2918 quintam
1275 2839 1336 2899 in
1385 2830 1809 2900 concambium
1855 2857 1967 2919 pro
2010 2837 2123 2898 alia
2168 2836 2235 2898 in
2278 2833 2622 2899 Messteten

273 2941 412 3004 sita.
521 2943 740 3004 Diemo
788 2943 866 3005 de
914 2939 1511 3024 Dusslingen⁴dedit
1562 2946 1843 3025 predium
1898 2945 1961 3004 in
2010 2941 2391 3022 Ginningen,
2458 2939 2623 3021 quod

273 3048 488 3109 datum
554 3058 651 3112 est
702 3071 812 3130 pro
857 3069 972 3115 vna
1030 3052 1191 3114 hulia
1253 3053 1316 3113 in
1364 3039 1667 3115 Gilstein.⁸
1751 3031 2121 3114 Adalbertus
2166 3048 2245 3111 de
2292 3048 2621 3110 Sallsteten

273 3151 451 3216 dedit
496 3153 647 3216 duas
695 3156 886 3218 hubas
933 3159 997 3218 in
1046 3142 1327 3222 Gilstein.
1440 3155 1609 3220 Idem
1655 3156 2024 3220 Adelbertus
2084 3151 2248 3234 quod
2296 3151 2369 3214 ad
2418 3150 2624 3214 Gund-

271 3260 492 3342 lingen
541 3257 741 3334 dedit,
789 3279 898 3340 pro
948 3242 1185 3324 duabus
1231 3264 1412 3324 hubis
1461 3264 1539 3325 ad
1583 3245 1844 3326 vGilstein
1887 3261 2102 3323 datum
2148 3265 2259 3322 est.
2370 3255 2633 3320 Ceisolff

275 3364 361 3426 de
407 3365 843 3430 Brackenheim
888 3387 1069 3432 vnam
1115 3371 1336 3432 huba'm
1382 3369 1456 3430 ad
1508 3345 1859 3432 Messesten
1912 3365 2115 3441 dedit,
2182 3381 2303 3444 que
2352 3382 2462 3442 pro
2510 3361 2625 3424 alia

277 3473 358 3536 ad
387 3473 646 3537 Gilstein
694 3473 832 3537 data
879 3477 994 3538 est.
1027 3479 1058 3557 ΙΙ
1141 3475 1508 3538 Adalbertus
1551 3474 1627 3536 de
1657 3475 1986 3537 Mulhusen
2032 3480 2263 3551 partem
2294 3459 2623 3553 [Ε’ριξῦὀι.)

277 3582 456 3660 prati,
505 3579 668 3660 quod
714 3581 936 3644 dicitur
960 3582 1137 3660 Luss,
1178 3577 1360 3645 dedit·
1387 3563 1601 3650 nobis:
1640 3597 1758 3690 pro
1794 3579 1915 3640 hoe
1960 3577 2243 3639 dedimus
2282 3577 2628 3654 ei‘pratum

280 3691 444 3762 inter
488 3685 638 3750 duas
681 3691 1016 3752 viasxiuxta
1067 3696 1336 3769 pontem.
1447 3689 1604 3748 item
1652 3685 1821 3748 dedit
1868 3693 2132 3766 pratum,
2196 3684 2365 3766 quod
2408 3679 2629 3743 dicitur

280 3797 474 3869 Luam,
539 3797 842 3873 integrum
902 3801 974 3857 et'
1025 3793 1376 3866 dimidium;
1439 3811 1551 3874 pro
1608 3794 1727 3854 hoe
1784 3791 2063 3855 dedimus
2125 3796 2395 3871 pratum,
2464 3789 2629 3870 quod

283 3903 506 3965 dicitur
566 3885 1046 3982 Kesselpoden,'
1095 3908 1156 3962 et
1221 3919 1432 3980 agrum
1487 3899 1573 3960 ‘ad
1633 3897 1914 3976 Ridet-n„
2003 3899 2159 3961 Item
2224 3897 2393 3961 dedit
2448 3897 2627 3959 nohis

279 4018 556 4090 pratum,
619 4009 782 4090 quod
823 4010 1042 4071 dicitur
1089 3999 1281 4079 Ge'ro,
1348 4007 1408 4068 in
1455 4007 1633 4079 loeo,
1696 4003 1798 4087 qui
1844 4006 2063 4067 dicitur
2108 4005 2280 4079 Sew;
2339 3999 2448 4088 pro
2511 4007 2629 4068 hoc

285 4115 571 4194 dedimus⁴
615 4133 864 4196 agrum,
914 4114 1016 4193 qui
1055 4113 1294 4176 adiacet
1339 4115 1507 4194 regie
1554 4114 1650 4174 vie
1702 4117 1859 4175 iuxta
1908 4130 2114 4194 agrum
2160 4101 2467 4186 Bertoldi,
2527 4114 2629 4194 qui

285 4223 632 4282 nominatur
695 4221 921 4282 Wuler.
990 4252 997 4259 ·
1050 4208 1220 4280 Istud
1285 4227 1380 4280 est
1449 4218 1533 4280 de
1594 4219 1823 4300 prediis
1883 4207 2153 4281 ecclesie
2219 4220 2280 4279 in
2348 4217 2621 4280 Giistein.

225 4320 234 4330 ’
284 4327 440 4390 Item
479 4325 660 4390 dedit
713 4327 792 4390 de
836 4327 1073 4408 prediis
1114 4305 1386 4388 ecclesie
1430 4322 1491 4390 'in
1541 4324 1869 4388 Mulhusen
1917 4344 2057 4387 eum
2104 4342 2414 4387 consensu
2460 4344 2629 4405 pres-

286 4437 466 4516 piteri
510 4435 830 4499 wernheri
899 4423 1080 4498 duas
1112 4443 1317 4515 partes
1372 4435 1556 4514 prati,
1618 4453 1751 4513 que·
1802 4432 1961 4494 Luss
2024 4432 2447 4504 nominantnr3
2518 4449 2629 4512 pro
