3009 5009
1558 265 1647 336 92

441 441 611 506 dium
657 442 838 519 iliud,
899 452 964 508 vt
1007 445 1250 509 assolet
1298 442 1432 508 fieri
1451 491 1468 518 ‚
1540 445 1831 526 grandine
1892 422 2183 524 vel‚igne
2216 439 2344 508 ”vel
2389 445 2613 526 quouis
2675 444 2801 506 alio

445 551 776 623 infortunio
839 551 1228 616 deuastatum
1285 551 1549 626 fuerim(
1570 560 1717 616 tunc
1771 553 2123 635 quicunque
2179 554 2553 621 camerarius
2588 550 2802 623 fuerit,

441 657 583 719 iilos
647 656 983 720 duodecim
1037 658 1270 721 solidos
1337 659 1709 738 pauperibus
1774 660 2007 739 absque
2072 661 2241 731 omni
2314 655 2805 720 contradictione

447 763 790 843 impendat.
881 762 1062 838 Quod
1109 765 1164 825 si
1209 765 1551 826 camerario
1595 766 1789 826 visum
1836 764 2045 837 fuerit,
2090 770 2155 826 vt
2198 763 2365 830 idem
2404 759 2695 842 'predium
2738 761 2806 820 in

442 887 620 932 snam
663 869 986 931 vtilitatem
1031 870 1324 942 attrahat,
1383 869 1577 931 libere
1625 869 1744 930 hoc
1769 870 2007 942 -faciat,
2066 869 2209 930 dum
2256 866 2441 928 modo
2486 864 2551 926 id
2596 865 2805 944 proui-

421 959 699 1047 ‚deatun
765 983 826 1039 vt
878 993 1184 1056 pauperes
1247 977 1370 1038 illis
1416 979 1687 1038 nummis
1732 994 1855 1039 non
1904 963 2355 1040 defraudentur.
2445 970 2606 1046 Quia
2656 989 2803 1034 vero

449 1089 660 1143 nostro
719 1081 1060 1160 permissa,
1124 1077 1310 1143 im'mo
1373 1088 1581 1144 nostro
1648 1081 1905 1144 consilio
1966 1090 2029 1144 et
2080 1081 2437 1145 auctoritate
2490 1085 2639 1139 sunt
2685 1079 2803 1138 hec

453 1174 593 1260 [Ful.
613 1191 784 1262 um]
831 1193 1008 1260 acta„
1033 1206 1148 1248 nes
1185 1189 1295 1249 ista
1332 1203 1444 1268 per
1470 1173 1852 1251 maiestatem
1880 1186 2149 1248 diuinam
2178 1189 2299 1272 etl!
2330 1202 2559 1247 nomen
2588 1190 2801 1246 sancte

449 1291 732 1356 trinitatis
777 1293 1207 1356 confirmamus
1253 1313 1326 1358 ac
1373 1296 1751 1368 roboramus,
1802 1303 1865 1357 et
1910 1302 1971 1356 vt
2012 1312 2045 1356 a
2080 1294 2245 1355 nullo
2274 1295 2544 1373 mquam
2582 1289 2799 1351 infrin-

449 1405 664 1478 gantur
706 1399 805 1462 vei
853 1379 1260 1471 euacuentur,
1327 1401 1791 1477 interpositione
1854 1397 2047 1459 diuini
2094 1399 2361 1460 nominis
2406 1405 2471 1459 et
2514 1395 2799 1476 perpetui

455 1504 852 1566 anathematis
898 1504 1098 1569 modis
1143 1506 1432 1566 omnihus
1478 1504 1919 1567 interdicimus.
1972 1519 1980 1522 ·

1229 1649 1236 1654 ’
1320 1637 1669 1768 oppidum
1754 1677 1943 1744 Zeu.

629 1819 764 1881 Hee
817 1828 960 1882 sunt
1002 1823 1459 1900 possessiones,
1507 1839 1663 1903 quas
1710 1821 1879 1884 dedit
1922 1821 2101 1883 nobis
2148 1819 2607 1895 ditcissaYta:⁴
2636 1815 2803 1895 oppi-

455 1924 600 1988 dum
627 1927 756 1989 zen
788 1945 929 1987 cum
959 1928 1090 1990 iure
1137 1919 1488 2006 patronatus
1538 1931 1832 2001 ecclesie,
1880 1929 2077 1991 villam
2106 1927 2496 1997 Ernstmulin,
2548 1924 2801 1984 Scham-

452 2032 644 2111 herg,
692 2030 956 2127 Colbach
1006 2031 1355 2104 dimidium,
1403 2031 1808 2095 Meisenbach
1852 2041 2083 2106 totum,
2110 2032 2536 2110 ··B‹‘iselspe'rg,
2584 2028 2803 2091 Nider-

447 2137 836 2216 lengenhart‚
901 2138 1470 2213 Wickartsshusen,
1522 2140 1675 2204 duas
1722 2149 1925 2219 partes
1970 2140 2031 2200 in
2077 2139 2475 2218 lgel'ssloch‚
2496 2152 2660 2198 cum
2694 2137 2800 2196 ho-

451 2241 755 2315 minibus,
823 2245 993 2306 siluis
1041 2227 1102 2306 et
1133 2245 1286 2311 aliis
1333 2245 1615 2310 omnibus
1660 2248 2006 2309 attinenciis
2055 2253 2117 2309 et
2165 2245 2388 2308 eodem
2446 2246 2615 2317 iure,
2686 2261 2804 2322 quo

457 2347 615 2426 ipsa
629 2348 928 2482 possedit.
1171 2363 1176 2367 ’
1644 2365 1653 2370 “
2070 2359 2077 2368 ’

1475 2522 1795 2590 Gilstein.
1840 2491 1851 2498 Ξ
1954 2613 1961 2620 .

639 2662 946 2743 Rupertus
985 2663 1062 2724 dc
1090 2666 1416 2744 Esslingen
1464 2666 1651 2729 frater
1694 2673 1905 2728 noster
1948 2667 2160 2746 viginti
2208 2665 2359 2728 duas
2404 2683 2649 2728 marcas
2699 2684 2805 2745 pro

459 2767 768 2856 remedio
783 2771 986 2830 anime
1031 2788 1144 2831 sue
1203 2778 1264 2832 et
1317 2772 1593 2833 omnium
1646 2779 1963 2852 parentum
2020 2789 2269 2833 suorum
2302 2779 2387 2834 et
2440 2773 2642 2833 onris
2698 2787 2807 2830 sue

455 2874 812 2954 Willebirge
869 2873 1043 2936 nohis
1098 2876 1368 2941 tradidit.
1455 2874 1637 2940 ‘Vnde
1696 2869 2090 2942 constitutum
2156 2886 2251 2942 est
2302 2878 2377 2937 in
2441 2863 2711 2956 capitulo
2776 2893 2809 2937 a

457 2978 688 3042 domno
727 2980 948 3045 abbate
989 2985 1428 3057 consenciente
1467 2981 1971 3062 congregatione,
2009 2991 2073 3045 vt
2108 2984 2167 3050 ἰιι,
2209 2981 2337 3066 die,
2378 2983 2809 3063 quaeelebra-

451 3091 550 3146 tur
603 3090 1108 3156 commemoratio
1159 3081 1439 3154 omnium
1492 3088 1766 3156 fidelium
1787 3134 1803 3161 ,
1862 3077 2115 3169 quatuor
2150 3089 2330 3152 hame
2366 3091 2488 3152 vini
2511 3089 2809 3150 Irata-ibus

457 3187 896 3284 impendantur
947 3198 1010 3251 et
1053 3210 1162 3254 sex
1197 3195 1406 3272 maltra
1441 3194 1729 3257 frumenti
1763 3196 2074 3286 purissimi
2113 3193 2191 3256 de
2230 3193 2488 3257 Gil‘stein
2526 3194 2605 3258 ad
2644 3194 2811 3256 simi-

461 3294 584 3356 lam
622 3295 988 3374 faciendam

1034 3469 1149 3536 De
1189 3475 1352 3538 vino
1397 3475 1496 3538 acc
1534 3462 1996 3566 sacrificium
2003 3474 2223 3556 misse.

640 3553 1044 3694 Μειῳιειιᾱιιε
1083 3614 1160 3677 de
1197 3618 1575 3696 Esslin-,gen
1568 3635 1791 3697 gener
1826 3618 2084 3696 predicti
2120 3618 2405 3704 Ruperti,
2444 3619 2695 3705 triginta
2730 3626 2788 3678 ta

452 3716 616 3781 lenta
663 3721 840 3782 nobis
885 3723 1118 3794 obtulit,
1165 3730 1227 3786 vt
1263 3726 1396 3786 eius
1433 3725 1779 3805 impendiis.
1796 3727 2006 3788 vinum
2038 3725 2121 3788 ad
2158 3726 2378 3787 missas
2415 3726 2791 3788 ministretur

455 3830 520 3883 et
553 3825 924 3888 frumentum
963 3827 1040 3890 ad
1077 3830 1310 3892 oblatas
1345 3825 1699 3903 faciendae,
1748 3833 1825 3893 ob
1878 3833 1973 3892 sui
2016 3827 2374 3895 memoriam
2412 3840 2477 3895 et
2510 3837 2787 3896 omnium

412 4004 421 4008 ὤ
452 3934 771 4014 parentum
809 3950 1068 3998 suorum·
1096 3924 1480 4019 et'preci‘pue
1522 3943 1797 4020 coniugis
1837 3959 1947 4004 sue
1988 3939 2218 4031 Gisele.

1213 4197 1236 4205 Β
1301 4157 1306 4160 -
1337 4078 1911 4224 Taokenpfru'nn,

635 4265 939 4343 Rupertus
981 4235 1470 4352 predictus-cum
1510 4262 1639 4326 filio
1672 4253 1791 4326 suo
1810 4261 2105 4328 Heinrico
2136 4268 2509 4344 comparauit
2542 4267 2817 4345 predium

457 4373 517 4431 in
558 4369 1056 4448 Teckenpfrunn,
1089 4387 1187 4431 rx
1233 4388 1354 4454 quo
1401 4387 1647 4449 semper
1696 4373 1759 4434 in
1792 4371 1955 4433 festo
1994 4375 2191 4433 sancti
2228 4368 2551 4434 Michaelis
2590 4372 2809 4438 decem
