3009 5009
1618 292 1708 360 94

1405 469 1901 560 Teyeladnyeh'.

672 595 994 660 Luitolfl'us
1051 615 1264 659 comes
1321 601 1384 662 et
1425 595 1611 660 frater
1656 599 1791 660 eius
1838 597 2013 659 Cuno
2060 597 2137 658 de
2184 595 2437 661 Aehalm
2491 595 2568 659 ad
2614 595 2831 675 Tage!-

492 709 716 788 uingen
756 701 1004 764 -decem
1062 702 1256 764 hubas
1303 710 1364 766 ct
1409 719 1582 768 suam
1628 710 1865 782 partem
1914 702 1993 766 de
2040 703 2306 768 ecclesia
2352 707 2417 764 et
2462 707 2643 765 vnam
2690 703 2829 764 sali-

486 832 631 876 cam'
669 821 892 882 terram
937 809 1126 872 dedit.

1203 983 1601 1073 Eccita-qen..
1670 983 2111 1052 Soka-«viler.

663 1109 1042 1171 Wernherus
1101 1127 1312 1172 comcs
1373 1108 1452 1171 de
1499 1107 1859 1190 Gruningen
1904 1114 2137 1170 curtem
2184 1123 2361 1171 vnam
2408 1106 2487 1170 ad
2526 1107 2828 1186 Essingen

487 1235 632 1302 cum
693 1217 1010 1296 mancipiis
1075 1224 1139 1278 ct
1197 1217 1426 1278 mansis
1485 1216 1563 1280 ad
1624 1215 1893 1278 eandem
1944 1217 2159 1278 curtim
2216 1215 2665 1296 pertinentibus
2684 1253 2703 1286 ,
2770 1222 2828 1276 ct

485 1299 778 1406 quicquid
818 1317 1031 1386 habuit
1073 1322 1148 1384 ad
1193 1322 1563 1384 Scherwiler
1608 1325 1671 1383 in
1714 1321 1977 1394 Alsacia‚
2024 1322 2103 1384 ad
2140 1323 2367 1386 Vilowa
2412 1332 2655 1450 quoque
2702 1327 2826 1382 tres

481 1429 674 1490 hubas
721 1435 937 1490 sancto
985 1427 1162 1512 Petro
1205 1426 1553 1488 tradidit..
1656 1449 1665 1456 ·
2323 1457 2329 1464 -

994 1598 1112 1665 De
1151 1599 1573 1666 monasterio
1615 1603 1859 1702 nostro
1902 1597 2310 1666 Schdnrein.

663 1744 1012 1808 Ludouicus
1079 1763 1294 1808 comes
1357 1741 1436 1810 dc
1469 1739 1788 1830 'Tui-ingia
1842 1751 1905 1807 et
1956 1745 2142 1808 frater
2182 1746 2323 1806 eius
2368 1743 2721 1823 Berngerus
2762 1743 2823 1804 in

483 1851 956 1916 Oeten-franchen
1003 1851 1173 1914 iuxta
1203 1851 1464 1914 fluuium
1505 1849 1689 1931 Meyn
1738 1852 1978 1924 iocum,
2044 1853 2149 1932 qui
2186 1851 2417 1922 dicitur
2460 1851 2823 1922 Schiinreim

483 1974 625 2020 cum
691 1959 958 2039 quinque
1023 1958 1202 2020 hubis
1257 1957 1677 2032 adiacentibus
1736 1965 1799 2021 et
1860 1957 2097 2021 duobus
2143 1957 2517 2021 molendinis
2566 1966 2629 2021 et
2678 1959 2826 2021 silua

481 2082 606 2127 non
649 2063 894 2193 modica
941 2062 1208 2126 tradidit.

869 2236 986 2304 De
1029 2236 1204 2302 celle
1243 2237 1471 2308 sancti
1518 2236 1846 2324 Gregorii
1892 2237 2429 2330 constructione.
2492 2275 2499 2286 ·

643 2380 885 2444 -Notum
941 2383 1022 2443 sit
1075 2381 1356 2443 omnibus
1401 2381 1464 2442 in
1510 2381 1733 2443 vnitate
1778 2377 1923 2442 fidei
1965 2379 2307 2445 viuentibus
2326 2426 2367 2453 ‚.
2407 2379 2721 2444 iusticiam
2766 2387 2827 2441 et

482 2488 804 2550 veritatem
829 2487 1172 2550 amantibus·
1199 2487 1539 2577 Christique
1586 2487 2071 2550 miscricordiam
2115 2487 2614 2567 prestolantibus,
2663 2485 2825 2567 quod

477 2593 756 2655 fundatio
817 2602 880 2656 et
923 2596 1294 2672 constructio
1343 2595 1699 2656 monasterii
1744 2595 1805 2656 in
1854 2593 2251 2656 Richenhach
2294 2592 2479 2654 modo
2526 2601 2591 2655 et
2634 2593 2827 2655 forma

489 2716 560 2761 se
587 2699 786 2772 habet,
833 2706 895 2762 vt
937 2699 1091 2761 infra
1137 2706 1324 2779 patet.
1384 2700 1450 2761 In
1499 2702 1754 2762 nomine
1802 2706 2013 2767 sancte
2062 2706 2127 2760 et
2170 2698 2484 2760 indiuidue
2516 2701 2822 2763 trinitatis.

475 2807 606 2886 Ego
651 2807 1014 2870 wilheimus
1079 2808 1262 2876 nullis
1323 2809 1484 2869 meis
1542 2809 1813 2882 meritis,
1874 2808 1993 2871 sed
2050 2807 2177 2869 sola
2234 2806 2335 2869 dei
2399 2806 2824 2871 misericordia

479 2912 932 2993 Hirsaugiensis
997 2914 1244 2976 cenobii
1303 2915 1488 2976 abhas
1550 2921 1762 2978 notum
1826 2931 1970 2977 esse
2034 2911 2321 2982 desidero
2360 2913 2657 2974 'omnihus
2704 2919 2831 2975 tam

479 2996 802 3093 [Fufiam]
831 3019 1052 3081 futuris
1073 3031 1254 3100 quam
1279 3021 1688 3100 presentibus,
1720 3020 1881 3101 quod
1912 3019 2154 3099 quidam
2172 3021 2495 3100 ingenuus,
2526 3035 2599 3080 se
2624 3019 2662 3098 11
2694 3019 2829 3079 nior

472 3121 636 3186 Bem
681 3126 962 3196 nomine,
1009 3123 1356 3204 prediolum
1393 3127 1693 3206 suumjin
1742 3127 1913 3202 nigra
1960 3125 2112 3186 silua
2158 3125 2342 3184 situm
2388 3125 2453 3184 in
2498 3123 2667 3194 loco,
2716 3123 2824 3203 qui

465 3245 512 3291 ·a
559 3231 732 3302 riuo‚
783 3231 884 3308 qui
931 3231 1016 3291 ibi
1060 3229 1340 3310 Murgam
1385 3229 1614 3304 influit,
1673 3229 2069 3306 Richenhach
2113 3237 2392 3302 vocatur,
2438 3237 2657 3291 sancto
2703 3229 2828 3291 Au-

474 3334 632 3395 relio
659 3333 985 3424 'Hit-saugie
1031 3337 1096 3396 in
1141 3337 1465 3415 presencia
1512 3335 1873 3397 idoneorum
1916 3333 2183 3397 testium'
2212 3335 2277 3395 in
2324 3341 2599 3396 eternam
2646 3335 2829 3398 here-

479 3420 1030 3514 ditatem'i'radidit,
1075 3441 1142 3504 id
1189 3442 1368 3503 unice
1416 3443 1783 3521 postulans}
1813 3434 1876 3504 vt
1918 3439 2145 3502 ibidem
2187 3441 2628 3504 monasterium
2678 3459 2825 3502 eon-

472 3547 626 3610 strui
673 3554 1059 3627 satagerem·
1121 3537 1403 3628 'Accepto
1459 3549 1654 3628 igitur*
1696 3548 2001 3610 communi
2050 3545 2465 3626 concordique
2504 3547 2825 3609 seniorum

476 3658 825 3738 nostrorum
892 3652 1185 3725 consilio,
1251 3649 1531 3714 misim'us
1592 3653 1813 3714 irati-es
1875 3633 2117 3718 nostros
2162 3645 2516 3712 'monachos
2568 3656 2699 3712 tres
2762 3656 2828 3711 et

453 3759 744 3839 iaycales
773 3761 1044 3839 quinque
1089 3759 1152 3819 in
1199 3755 1368 3820 idem
1411 3758 1755 3838 prediolum
1802 3777 2055 3820 nemore
2092 3757 2461 3822 densissimo
2490 3754 2822 3836 hispidum,

475 3871 776 3944 quatenus
842 3864 998 3924 silua
1060 3871 1230 3924 eruta
1294 3864 1557 3943 locoque
1604 3870 1854 3943 purgato
1904 3869 2331 3926 construerent
2376 3864 2823 3924 monasterium

475 3958 667 4032 heato
723 3968 1038 4048 Gregorio.
1127 3967 1305 4031 Anno
1353 3970 1551 4046 ‘igitur
1614 3971 2049 4051 incarnationis
2098 3967 2413 4030 dominice
2470 3966 2819 4030 MLxxxn.

471 4073 812 4136 indictione
871 4075 1080 4162 quinta
1135 4075 1380 4134 circiter
1441 4072 1578 4134 idus
1634 4073 1779 4136 Maii
1834 4092 1973 4134 cum
2033 4075 2345 4156 venissent
2388 4071 2553 4134 idem
2600 4072 2822 4134 fratres

471 4182 538 4256 in
583 4178 928 4261 predictum
963 4178 1216 4248 locum,
1275 4179 1419 4241 haut
1470 4182 1689 4259 paucis
1734 4169 1955 4241 dicbus
2000 4197 2117 4258 pro
2156 4180 2399 4257 tugurio
2444 4177 2607 4241 nuda
2656 4179 2825 4240 frue-

474 4287 694 4350 bantur
737 4286 958 4349 abiete.
1049 4282 1280 4345 Horum
1335 4291 1538 4346 autem
1592 4301 1745 4346 vnus
1800 4284 2131 4347 vocabatur
2172 4281 2387 4355 Ernst,
2450 4285 2543 4345 vir
2586 4283 2825 4362 probus

475 4398 539 4452 et
597 4389 840 4453 curialis
860 4433 878 4460 ,
943 4389 1044 4469 qui
1104 4389 1223 4450 iam
1280 4387 1523 4467 pridem
1577 4406 1647 4448 se
1704 4405 1937 4468 suaque
1994 4386 2197 4451 omnia
2244 4395 2451 4448 nostre
2501 4385 2825 4450 dediderat
