<?xml version="1.0" encoding="UTF-8"?>
<!DOCTYPE html PUBLIC "-//W3C//DTD XHTML 1.0 Transitional//EN"
    "http://www.w3.org/TR/xhtml1/DTD/xhtml1-transitional.dtd">
<html xmlns="http://www.w3.org/1999/xhtml" xml:lang="en" lang="en">
 <head>
  <title>
</title>
<meta http-equiv="Content-Type" content="text/html;charset=utf-8" />
  <meta name='ocr-system' content='tesseract 3.04.00' />
  <meta name='ocr-capabilities' content='ocr_page ocr_carea ocr_par ocr_line ocrx_word'/>
</head>
<body>
  <div class='ocr_page' id='page_1' title='image "./codexhirsaugien00gfrgoog_0044.png"; bbox 0 0 3009 5009; ppageno 0'>
   <div class='ocr_carea' id='block_1_1' title="bbox 1592 253 1675 318">
    <p class='ocr_par' dir='ltr' id='par_1_1' title="bbox 1592 253 1675 318">
     <span class='ocr_line' id='line_1_1' title="bbox 1592 253 1675 318; baseline -0.012 0"><span class='ocrx_word' id='word_1_1' title='bbox 1592 253 1675 318; x_wconf 87' lang='grc'><strong>32</strong></span> 
     </span>
    </p>
   </div>
   <div class='ocr_carea' id='block_1_2' title="bbox 441 427 2875 1999">
    <p class='ocr_par' dir='ltr' id='par_1_2' title="bbox 441 427 2875 1999">
     <span class='ocr_line' id='line_1_2' title="bbox 455 427 2794 508; baseline 0.001 -19"><span class='ocrx_word' id='word_1_2' title='bbox 455 430 606 489; x_wconf 81' lang='lat' dir='ltr'><strong>satio</strong></span> <span class='ocrx_word' id='word_1_3' title='bbox 652 430 934 507; x_wconf 84' lang='lat' dir='ltr'><strong>paulatim</strong></span> <span class='ocrx_word' id='word_1_4' title='bbox 980 431 1290 491; x_wconf 84' lang='lat' dir='ltr'><strong>imminuta</strong></span> <span class='ocrx_word' id='word_1_5' title='bbox 1337 436 1450 502; x_wconf 90' lang='lat' dir='ltr'><strong>est,</strong></span> <span class='ocrx_word' id='word_1_6' title='bbox 1499 427 1727 491; x_wconf 89' lang='lat' dir='ltr'><strong>deinde</strong></span> <span class='ocrx_word' id='word_1_7' title='bbox 1776 430 1971 497; x_wconf 85' lang='lat' dir='ltr'><strong>etiam,</strong></span> <span class='ocrx_word' id='word_1_8' title='bbox 2020 428 2182 508; x_wconf 88' lang='lat' dir='ltr'><strong>quod</strong></span> <span class='ocrx_word' id='word_1_9' title='bbox 2230 427 2395 491; x_wconf 83' lang='lat' dir='ltr'><strong>dictu</strong></span> <span class='ocrx_word' id='word_1_10' title='bbox 2438 430 2794 493; x_wconf 84' lang='lat' dir='ltr'><strong>miserabile</strong></span> 
     </span>
     <span class='ocr_line' id='line_1_3' title="bbox 453 534 2793 617; baseline 0 -22"><span class='ocrx_word' id='word_1_11' title='bbox 453 543 588 612; x_wconf 88' lang='lat' dir='ltr'><strong>est,</strong></span> <span class='ocrx_word' id='word_1_12' title='bbox 651 536 896 612; x_wconf 88' lang='lat' dir='ltr'><strong>penitus</strong></span> <span class='ocrx_word' id='word_1_13' title='bbox 957 534 1232 617; x_wconf 81' lang='lat' dir='ltr'><strong>deperiit.</strong></span> <span class='ocrx_word' id='word_1_14' title='bbox 1323 534 1645 597; x_wconf 85' lang='lat' dir='ltr'><strong>Substituti</strong></span> <span class='ocrx_word' id='word_1_15' title='bbox 1704 541 1848 595; x_wconf 88' lang='lat' dir='ltr'><strong>sunt</strong></span> <span class='ocrx_word' id='word_1_16' title='bbox 1906 536 1969 593; x_wconf 91' lang='lat' dir='ltr'><strong>in</strong></span> <span class='ocrx_word' id='word_1_17' title='bbox 2029 534 2235 594; x_wconf 88' lang='lat' dir='ltr'><strong>locum</strong></span> <span class='ocrx_word' id='word_1_18' title='bbox 2264 534 2513 595; x_wconf 83' lang='lat' dir='ltr'><strong>illorum</strong></span> <span class='ocrx_word' id='word_1_19' title='bbox 2564 537 2793 605; x_wconf 84' lang='lat' dir='ltr'><strong>clerici,</strong></span> 
     </span>
     <span class='ocr_line' id='line_1_4' title="bbox 451 639 2794 721; baseline 0 -20"><span class='ocrx_word' id='word_1_20' title='bbox 451 642 555 721; x_wconf 89' lang='lat' dir='ltr'><strong>qui</strong></span> <span class='ocrx_word' id='word_1_21' title='bbox 601 658 720 701; x_wconf 89' lang='lat' dir='ltr'><strong>non</strong></span> <span class='ocrx_word' id='word_1_22' title='bbox 770 642 1102 715; x_wconf 86' lang='lat' dir='ltr'><strong>canonice,</strong></span> <span class='ocrx_word' id='word_1_23' title='bbox 1164 640 1278 704; x_wconf 86' lang='lat' dir='ltr'><strong>sed</strong></span> <span class='ocrx_word' id='word_1_24' title='bbox 1323 639 1685 703; x_wconf 73' lang='lat' dir='ltr'><strong>seculariter</strong></span> <span class='ocrx_word' id='word_1_25' title='bbox 1727 641 2042 711; x_wconf 83' lang='lat' dir='ltr'><strong>viuentes,</strong></span> <span class='ocrx_word' id='word_1_26' title='bbox 2106 658 2218 712; x_wconf 82' lang='lat' dir='ltr'><strong>ea,</strong></span> <span class='ocrx_word' id='word_1_27' title='bbox 2286 658 2405 720; x_wconf 85' lang='lat' dir='ltr'><strong>que</strong></span> <span class='ocrx_word' id='word_1_28' title='bbox 2450 641 2643 703; x_wconf 88' lang='lat' dir='ltr'><strong>solius</strong></span> <span class='ocrx_word' id='word_1_29' title='bbox 2692 640 2794 702; x_wconf 88' lang='lat' dir='ltr'><strong>dei</strong></span> 
     </span>
     <span class='ocr_line' id='line_1_5' title="bbox 449 744 2791 825; baseline -0 -17"><span class='ocrx_word' id='word_1_30' title='bbox 449 748 720 808; x_wconf 80' lang='lat' dir='ltr'><strong>seruicio</strong></span> <span class='ocrx_word' id='word_1_31' title='bbox 785 745 1124 825; x_wconf 85' lang='lat' dir='ltr'><strong>mancipata</strong></span> <span class='ocrx_word' id='word_1_32' title='bbox 1185 746 1467 816; x_wconf 85' lang='lat' dir='ltr'><strong>fuerant,</strong></span> <span class='ocrx_word' id='word_1_33' title='bbox 1536 744 1893 823; x_wconf 84' lang='lat' dir='ltr'><strong>coniugibus</strong></span> <span class='ocrx_word' id='word_1_34' title='bbox 1953 745 2081 805; x_wconf 87' lang='lat' dir='ltr'><strong>suis</strong></span> <span class='ocrx_word' id='word_1_35' title='bbox 2137 751 2199 805; x_wconf 87' lang='lat' dir='ltr'><strong>et</strong></span> <span class='ocrx_word' id='word_1_36' title='bbox 2242 744 2379 806; x_wconf 84' lang='lat' dir='ltr'><strong>filiis</strong></span> <span class='ocrx_word' id='word_1_37' title='bbox 2428 745 2791 807; x_wconf 86' lang='lat' dir='ltr'><strong>diuiserunt.</strong></span> 
     </span>
     <span class='ocr_line' id='line_1_6' title="bbox 446 848 2793 930; baseline -0 -17"><span class='ocrx_word' id='word_1_38' title='bbox 446 850 808 913; x_wconf 85' lang='lat' dir='ltr'><strong>Perdurauit</strong></span> <span class='ocrx_word' id='word_1_39' title='bbox 868 850 988 911; x_wconf 88' lang='lat' dir='ltr'><strong>hoc</strong></span> <span class='ocrx_word' id='word_1_40' title='bbox 1040 868 1233 930; x_wconf 83' lang='lat' dir='ltr'><strong>vsque</strong></span> <span class='ocrx_word' id='word_1_41' title='bbox 1295 850 1372 912; x_wconf 90' lang='lat' dir='ltr'><strong>ad</strong></span> <span class='ocrx_word' id='word_1_42' title='bbox 1414 857 1657 929; x_wconf 87' lang='lat' dir='ltr'><strong>tempus</strong></span> <span class='ocrx_word' id='word_1_43' title='bbox 1707 850 1947 911; x_wconf 86' lang='lat' dir='ltr'><strong>comitis</strong></span> <span class='ocrx_word' id='word_1_44' title='bbox 1992 848 2307 911; x_wconf 83' lang='lat' dir='ltr'><strong>Adalberti</strong></span> <span class='ocrx_word' id='word_1_45' title='bbox 2352 849 2429 910; x_wconf 94' lang='lat' dir='ltr'><strong>de</strong></span> <span class='ocrx_word' id='word_1_46' title='bbox 2476 848 2681 911; x_wconf 86' lang='lat' dir='ltr'><strong>Kalwa</strong></span> <span class='ocrx_word' id='word_1_47' title='bbox 2728 858 2793 912; x_wconf 87' lang='lat' dir='ltr'><strong>et</strong></span> 
     </span>
     <span class='ocr_line' id='line_1_7' title="bbox 446 955 2875 1036; baseline 0 -17"><span class='ocrx_word' id='word_1_48' title='bbox 446 958 642 1019; x_wconf 88' lang='lat' dir='ltr'><strong>vxoris</strong></span> <span class='ocrx_word' id='word_1_49' title='bbox 675 958 808 1017; x_wconf 89' lang='lat' dir='ltr'><strong>eius</strong></span> <span class='ocrx_word' id='word_1_50' title='bbox 837 955 1208 1030; x_wconf 89' lang='lat' dir='ltr'><strong>Wieidrude,</strong></span> <span class='ocrx_word' id='word_1_51' title='bbox 1259 976 1515 1036; x_wconf 90' lang='lat' dir='ltr'><strong>quorum</strong></span> <span class='ocrx_word' id='word_1_52' title='bbox 1564 957 1747 1018; x_wconf 86' lang='lat' dir='ltr'><strong>corda</strong></span> <span class='ocrx_word' id='word_1_53' title='bbox 1794 956 1946 1017; x_wconf 87' lang='lat' dir='ltr'><strong>deus</strong></span> <span class='ocrx_word' id='word_1_54' title='bbox 1992 955 2437 1029; x_wconf 80' lang='lat' dir='ltr'><strong>succendit,·vt</strong></span> <span class='ocrx_word' id='word_1_55' title='bbox 2472 960 2791 1035; x_wconf 83' lang='lat' dir='ltr'><strong>pristinam</strong></span> <span class='ocrx_word' id='word_1_56' title='bbox 2866 1022 2875 1029; x_wconf 75' lang='grc'>,</span> 
     </span>
     <span class='ocr_line' id='line_1_8' title="bbox 449 1059 2789 1140; baseline 0.001 -17"><span class='ocrx_word' id='word_1_57' title='bbox 449 1061 984 1123; x_wconf 87' lang='lat' dir='ltr'><strong>conuersationem</strong></span> <span class='ocrx_word' id='word_1_58' title='bbox 1041 1063 1104 1122; x_wconf 91' lang='lat' dir='ltr'><strong>in</strong></span> <span class='ocrx_word' id='word_1_59' title='bbox 1165 1059 1442 1140; x_wconf 87' lang='lat' dir='ltr'><strong>predicto</strong></span> <span class='ocrx_word' id='word_1_60' title='bbox 1496 1062 1635 1122; x_wconf 88' lang='lat' dir='ltr'><strong>loco</strong></span> <span class='ocrx_word' id='word_1_61' title='bbox 1700 1078 1979 1139; x_wconf 85' lang='lat' dir='ltr'><strong>reparare</strong></span> <span class='ocrx_word' id='word_1_62' title='bbox 2046 1062 2381 1139; x_wconf 74' lang='lat' dir='ltr'>cogitarent</span> <span class='ocrx_word' id='word_1_63' title='bbox 2444 1067 2537 1133; x_wconf 88' lang='lat' dir='ltr'><strong>et,</strong></span> <span class='ocrx_word' id='word_1_64' title='bbox 2602 1072 2667 1126; x_wconf 86' lang='lat' dir='ltr'><strong>vt</strong></span> <span class='ocrx_word' id='word_1_65' title='bbox 2722 1064 2789 1126; x_wconf 88' lang='lat' dir='ltr'><strong>id</strong></span> 
     </span>
     <span class='ocr_line' id='line_1_9' title="bbox 449 1164 2789 1247; baseline 0.002 -20"><span class='ocrx_word' id='word_1_66' title='bbox 449 1164 760 1229; x_wconf 85' lang='lat' dir='ltr'><strong>efficacius</strong></span> <span class='ocrx_word' id='word_1_67' title='bbox 787 1166 983 1239; x_wconf 84' lang='lat' dir='ltr'><strong>fieret,</strong></span> <span class='ocrx_word' id='word_1_68' title='bbox 1030 1168 1468 1246; x_wconf 87' lang='lat' dir='ltr'><strong>omnipotentis</strong></span> <span class='ocrx_word' id='word_1_69' title='bbox 1506 1168 1609 1229; x_wconf 88' lang='lat' dir='ltr'><strong>dei</strong></span> <span class='ocrx_word' id='word_1_70' title='bbox 1646 1168 1925 1228; x_wconf 86' lang='lat' dir='ltr'><strong>auxilium</strong></span> <span class='ocrx_word' id='word_1_71' title='bbox 1967 1173 2029 1228; x_wconf 87' lang='lat' dir='ltr'><strong>et</strong></span> <span class='ocrx_word' id='word_1_72' title='bbox 2062 1168 2325 1228; x_wconf 87' lang='lat' dir='ltr'><strong>virorum</strong></span> <span class='ocrx_word' id='word_1_73' title='bbox 2360 1167 2789 1247; x_wconf 86' lang='lat' dir='ltr'><strong>religiosorum</strong></span> 
     </span>
     <span class='ocr_line' id='line_1_10' title="bbox 447 1272 2786 1353; baseline 0.002 -20"><span class='ocrx_word' id='word_1_74' title='bbox 447 1273 774 1334; x_wconf 83' lang='lat' dir='ltr'><strong>eonsilium</strong></span> <span class='ocrx_word' id='word_1_75' title='bbox 837 1275 1056 1334; x_wconf 84' lang='lat' dir='ltr'><strong>obnixe</strong></span> <span class='ocrx_word' id='word_1_76' title='bbox 1122 1281 1470 1353; x_wconf 78' lang='lat' dir='ltr'><strong>quererent.</strong></span> <span class='ocrx_word' id='word_1_77' title='bbox 1565 1272 1936 1353; x_wconf 75' lang='lat' dir='ltr'><strong>Super-uenit</strong></span> <span class='ocrx_word' id='word_1_78' title='bbox 1990 1291 2101 1351; x_wconf 85' lang='lat' dir='ltr'><strong>per</strong></span> <span class='ocrx_word' id='word_1_79' title='bbox 2160 1272 2323 1334; x_wconf 90' lang='lat' dir='ltr'><strong>idem</strong></span> <span class='ocrx_word' id='word_1_80' title='bbox 2370 1280 2609 1353; x_wconf 88' lang='lat' dir='ltr'><strong>tempus</strong></span> <span class='ocrx_word' id='word_1_81' title='bbox 2655 1274 2786 1338; x_wconf 91' lang='lat' dir='ltr'><strong>Leo</strong></span> 
     </span>
     <span class='ocr_line' id='line_1_11' title="bbox 444 1379 2789 1465; baseline 0.002 -24"><span class='ocrx_word' id='word_1_82' title='bbox 444 1396 620 1459; x_wconf 84' lang='lat' dir='ltr'><strong>papa,</strong></span> <span class='ocrx_word' id='word_1_83' title='bbox 667 1381 1003 1441; x_wconf 86' lang='lat' dir='ltr'><strong>auunculus</strong></span> <span class='ocrx_word' id='word_1_84' title='bbox 1034 1379 1313 1441; x_wconf 87' lang='lat' dir='ltr'><strong>eiusdem</strong></span> <span class='ocrx_word' id='word_1_85' title='bbox 1341 1379 1669 1465; x_wconf 82' lang='lat' dir='ltr'><strong>Adalberti,</strong></span> <span class='ocrx_word' id='word_1_86' title='bbox 1721 1382 1825 1459; x_wconf 90' lang='lat' dir='ltr'><strong>qui</strong></span> <span class='ocrx_word' id='word_1_87' title='bbox 1864 1381 1979 1440; x_wconf 87' lang='lat' dir='ltr'><strong>sibi</strong></span> <span class='ocrx_word' id='word_1_88' title='bbox 2016 1380 2397 1459; x_wconf 84' lang='lat' dir='ltr'><strong>priuilegium</strong></span> <span class='ocrx_word' id='word_1_89' title='bbox 2438 1386 2789 1445; x_wconf 86' lang='lat' dir='ltr'><strong>monasterii</strong></span> 
     </span>
     <span class='ocr_line' id='line_1_12' title="bbox 441 1485 2787 1569; baseline 0.002 -22"><span class='ocrx_word' id='word_1_90' title='bbox 441 1487 786 1567; x_wconf 87' lang='lat' dir='ltr'><strong>presentari</strong></span> <span class='ocrx_word' id='word_1_91' title='bbox 833 1485 980 1548; x_wconf 79' lang='lat' dir='ltr'><strong>iecit</strong></span> <span class='ocrx_word' id='word_1_92' title='bbox 1033 1488 1337 1566; x_wconf 87' lang='lat' dir='ltr'><strong>lectisque</strong></span> <span class='ocrx_word' id='word_1_93' title='bbox 1382 1488 1577 1548; x_wconf 84' lang='lat' dir='ltr'><strong>literis</strong></span> <span class='ocrx_word' id='word_1_94' title='bbox 1624 1493 1685 1548; x_wconf 90' lang='lat' dir='ltr'><strong>et</strong></span> <span class='ocrx_word' id='word_1_95' title='bbox 1730 1488 1969 1567; x_wconf 85' lang='lat' dir='ltr'><strong>cognita</strong></span> <span class='ocrx_word' id='word_1_96' title='bbox 2012 1488 2260 1549; x_wconf 86' lang='lat' dir='ltr'><strong>veritate</strong></span> <span class='ocrx_word' id='word_1_97' title='bbox 2296 1486 2513 1549; x_wconf 77' lang='lat' dir='ltr'><strong>‘eidem</strong></span> <span class='ocrx_word' id='word_1_98' title='bbox 2577 1490 2787 1569; x_wconf 84' lang='lat' dir='ltr'><strong>nepoti</strong></span> 
     </span>
     <span class='ocr_line' id='line_1_13' title="bbox 445 1570 2784 1674; baseline 0.002 -20"><span class='ocrx_word' id='word_1_99' title='bbox 445 1611 558 1655; x_wconf 92' lang='lat' dir='ltr'><strong>suo</strong></span> <span class='ocrx_word' id='word_1_100' title='bbox 619 1594 731 1656; x_wconf 87' lang='lat' dir='ltr'><strong>suh</strong></span> <span class='ocrx_word' id='word_1_101' title='bbox 793 1595 1283 1655; x_wconf 81' lang='lat' dir='ltr'><strong>interminatione</strong></span> <span class='ocrx_word' id='word_1_102' title='bbox 1333 1593 1538 1655; x_wconf 90' lang='lat' dir='ltr'><strong>diuine</strong></span> <span class='ocrx_word' id='word_1_103' title='bbox 1585 1594 1831 1656; x_wconf 71' lang='lat' dir='ltr'><strong>Vltionis</strong></span> <span class='ocrx_word' id='word_1_104' title='bbox 1880 1570 2185 1672; x_wconf 72' lang='lat' dir='ltr'><strong>precepit,</strong></span> <span class='ocrx_word' id='word_1_105' title='bbox 2249 1600 2312 1657; x_wconf 84' lang='lat' dir='ltr'><strong>vt</strong></span> <span class='ocrx_word' id='word_1_106' title='bbox 2354 1594 2585 1674; x_wconf 82' lang='lat' dir='ltr'><strong>absque</strong></span> <span class='ocrx_word' id='word_1_107' title='bbox 2636 1596 2784 1659; x_wconf 90' lang='lat' dir='ltr'><strong>dila-</strong></span> 
     </span>
     <span class='ocr_line' id='line_1_14' title="bbox 442 1698 2783 1778; baseline 0.001 -16"><span class='ocrx_word' id='word_1_108' title='bbox 442 1700 612 1762; x_wconf 86' lang='lat' dir='ltr'><strong>tione</strong></span> <span class='ocrx_word' id='word_1_109' title='bbox 671 1701 1072 1763; x_wconf 82' lang='lat' dir='ltr'><strong>m‘onasticam</strong></span> <span class='ocrx_word' id='word_1_110' title='bbox 1131 1700 1490 1778; x_wconf 86' lang='lat' dir='ltr'><strong>religionem</strong></span> <span class='ocrx_word' id='word_1_111' title='bbox 1554 1700 1883 1761; x_wconf 88' lang='lat' dir='ltr'><strong>reformare</strong></span> <span class='ocrx_word' id='word_1_112' title='bbox 1944 1698 2237 1761; x_wconf 84' lang='lat' dir='ltr'><strong>studeret.</strong></span> <span class='ocrx_word' id='word_1_113' title='bbox 2332 1699 2511 1774; x_wconf 87' lang='lat' dir='ltr'><strong>Quod</strong></span> <span class='ocrx_word' id='word_1_114' title='bbox 2556 1701 2663 1762; x_wconf 92' lang='lat' dir='ltr'><strong>ille</strong></span> <span class='ocrx_word' id='word_1_115' title='bbox 2711 1722 2783 1764; x_wconf 91' lang='lat' dir='ltr'><strong>ac</strong></span> 
     </span>
     <span class='ocr_line' id='line_1_15' title="bbox 447 1804 2782 1895; baseline 0.001 -29"><span class='ocrx_word' id='word_1_116' title='bbox 447 1807 500 1866; x_wconf 84' lang='lat' dir='ltr'><strong>si</strong></span> <span class='ocrx_word' id='word_1_117' title='bbox 563 1804 638 1867; x_wconf 88' lang='lat' dir='ltr'><strong>de</strong></span> <span class='ocrx_word' id='word_1_118' title='bbox 699 1807 835 1866; x_wconf 78' lang='lat' dir='ltr'><strong>celo</strong></span> <span class='ocrx_word' id='word_1_119' title='bbox 883 1806 1209 1866; x_wconf 77' lang='lat' dir='ltr'><strong>sonuisset</strong></span> <span class='ocrx_word' id='word_1_120' title='bbox 1263 1806 1605 1884; x_wconf 88' lang='lat' dir='ltr'><strong>suscipiens</strong></span> <span class='ocrx_word' id='word_1_121' title='bbox 1654 1822 1794 1867; x_wconf 87' lang='lat' dir='ltr'><strong>cum</strong></span> <span class='ocrx_word' id='word_1_122' title='bbox 1840 1806 2009 1865; x_wconf 91' lang='lat' dir='ltr'><strong>omni</strong></span> <span class='ocrx_word' id='word_1_123' title='bbox 2055 1805 2381 1883; x_wconf 82' lang='lat' dir='ltr'><strong>diligencia</strong></span> <span class='ocrx_word' id='word_1_124' title='bbox 2430 1805 2546 1895; x_wconf 81' lang='lat' dir='ltr'><strong>sibi</strong></span> <span class='ocrx_word' id='word_1_125' title='bbox 2592 1807 2782 1887; x_wconf 89' lang='lat' dir='ltr'><strong>impe-</strong></span> 
     </span>
     <span class='ocr_line' id='line_1_16' title="bbox 442 1911 1531 1999; baseline -0.003 -26"><span class='ocrx_word' id='word_1_126' title='bbox 442 1919 581 1999; x_wconf 31' lang='lat' dir='ltr'><strong>rata-</strong></span> <span class='ocrx_word' id='word_1_127' title='bbox 603 1911 1220 1992; x_wconf 58' lang='lat' dir='ltr'><strong>-perficere„eurauit.</strong></span> <span class='ocrx_word' id='word_1_128' title='bbox 1309 1974 1316 1979; x_wconf 71' lang='grc'><strong>,</strong></span> <span class='ocrx_word' id='word_1_129' title='bbox 1524 1916 1531 1921; x_wconf 80' lang='grc'><strong><em>’</em></strong></span> 
     </span>
    </p>
   </div>
   <div class='ocr_carea' id='block_1_3' title="bbox 1172 2050 2047 2171">
    <p class='ocr_par' dir='ltr' id='par_1_3' title="bbox 1172 2050 2047 2171">
     <span class='ocr_line' id='line_1_17' title="bbox 1172 2050 2047 2171; baseline 0.001 -20"><span class='ocrx_word' id='word_1_130' title='bbox 1172 2050 1402 2169; x_wconf 64' lang='grc' dir='ltr'><strong>[ννὶιὲ.</strong></span> <span class='ocrx_word' id='word_1_131' title='bbox 1495 2079 1856 2159; x_wconf 71' lang='lat' dir='ltr'><strong>Dambjaol·</strong></span> <span class='ocrx_word' id='word_1_132' title='bbox 1901 2087 2047 2171; x_wconf 60' lang='lat' dir='ltr'><strong>em]</strong></span> 
     </span>
    </p>
   </div>
   <div class='ocr_carea' id='block_1_4' title="bbox 435 2221 2788 3261">
    <p class='ocr_par' dir='ltr' id='par_1_4' title="bbox 435 2221 2788 3261">
     <span class='ocr_line' id='line_1_18' title="bbox 617 2221 2788 2301; baseline 0.001 -11"><span class='ocrx_word' id='word_1_133' title='bbox 617 2227 982 2292; x_wconf 83' lang='lat' dir='ltr'><strong>Adalbertus</strong></span> <span class='ocrx_word' id='word_1_134' title='bbox 1031 2221 1243 2291; x_wconf 83' lang='lat' dir='ltr'><strong>comes</strong></span> <span class='ocrx_word' id='word_1_135' title='bbox 1291 2228 1497 2291; x_wconf 81' lang='lat' dir='ltr'><strong>senior</strong></span> <span class='ocrx_word' id='word_1_136' title='bbox 1544 2227 1900 2301; x_wconf 82' lang='lat' dir='ltr'><strong>de&#39;Kaiwa,</strong></span> <span class='ocrx_word' id='word_1_137' title='bbox 1964 2230 2399 2292; x_wconf 75' lang='lat' dir='ltr'><strong>consenciente</strong></span> <span class='ocrx_word' id='word_1_138' title='bbox 2444 2245 2629 2291; x_wconf 77' lang='lat' dir='ltr'><strong>vxore</strong></span> <span class='ocrx_word' id='word_1_139' title='bbox 2675 2246 2788 2292; x_wconf 81' lang='lat' dir='ltr'><strong>sua</strong></span> 
     </span>
     <span class='ocr_line' id='line_1_19' title="bbox 441 2324 2786 2415; baseline 0 -18"><span class='ocrx_word' id='word_1_140' title='bbox 441 2333 738 2397; x_wconf 86' lang='lat' dir='ltr'><strong>Wielicha</strong></span> <span class='ocrx_word' id='word_1_141' title='bbox 782 2324 1049 2415; x_wconf 86' lang='lat' dir='ltr'><strong>filiisque</strong></span> <span class='ocrx_word' id='word_1_142' title='bbox 1097 2336 1224 2397; x_wconf 85' lang='lat' dir='ltr'><strong>suis</strong></span> <span class='ocrx_word' id='word_1_143' title='bbox 1269 2335 1589 2408; x_wconf 87' lang='lat' dir='ltr'><strong>Brunone‚</strong></span> <span class='ocrx_word' id='word_1_144' title='bbox 1645 2333 2007 2407; x_wconf 83' lang='lat' dir='ltr'><strong>Adalberto,</strong></span> <span class='ocrx_word' id='word_1_145' title='bbox 2068 2332 2378 2397; x_wconf 83' lang='lat' dir='ltr'><strong>Gotei&#39;rido</strong></span> <span class='ocrx_word' id='word_1_146' title='bbox 2428 2333 2786 2403; x_wconf 78' lang='lat' dir='ltr'><strong>actiliabus</strong></span> 
     </span>
     <span class='ocr_line' id='line_1_20' title="bbox 439 2438 2787 2520; baseline 0.001 -21"><span class='ocrx_word' id='word_1_147' title='bbox 439 2438 553 2502; x_wconf 81' lang='lat' dir='ltr'><strong>Vta</strong></span> <span class='ocrx_word' id='word_1_148' title='bbox 602 2447 662 2503; x_wconf 91' lang='lat' dir='ltr'><strong>et</strong></span> <span class='ocrx_word' id='word_1_149' title='bbox 705 2439 1078 2519; x_wconf 83' lang='lat' dir='ltr'><strong>lrmingarde</strong></span> <span class='ocrx_word' id='word_1_150' title='bbox 1099 2487 1117 2514; x_wconf 93' lang='lat'><em>‚</em></span> <span class='ocrx_word' id='word_1_151' title='bbox 1167 2439 1336 2503; x_wconf 83' lang='lat' dir='ltr'><strong>dedit</strong></span> <span class='ocrx_word' id='word_1_152' title='bbox 1382 2440 1460 2503; x_wconf 87' lang='lat' dir='ltr'><strong>ad</strong></span> <span class='ocrx_word' id='word_1_153' title='bbox 1505 2442 1942 2510; x_wconf 88' lang='lat' dir='ltr'><strong>monasterium</strong></span> <span class='ocrx_word' id='word_1_154' title='bbox 1988 2447 2335 2504; x_wconf 87' lang='lat' dir='ltr'><strong>sanctor-um</strong></span> <span class='ocrx_word' id='word_1_155' title='bbox 2374 2442 2787 2520; x_wconf 86' lang='lat' dir='ltr'><strong>apostolorum</strong></span> 
     </span>
     <span class='ocr_line' id='line_1_21' title="bbox 438 2543 2786 2628; baseline 0 -22"><span class='ocrx_word' id='word_1_156' title='bbox 438 2545 600 2607; x_wconf 83' lang='lat' dir='ltr'><strong>Petri</strong></span> <span class='ocrx_word' id='word_1_157' title='bbox 616 2551 694 2623; x_wconf 53' lang='lat' dir='ltr'><strong>,et</strong></span> <span class='ocrx_word' id='word_1_158' title='bbox 719 2544 886 2605; x_wconf 89' lang='lat' dir='ltr'><strong>Pauli</strong></span> <span class='ocrx_word' id='word_1_159' title='bbox 933 2548 1248 2624; x_wconf 79' lang='lat' dir='ltr'><strong>sanctique</strong></span> <span class='ocrx_word' id='word_1_160' title='bbox 1295 2543 1547 2607; x_wconf 79' lang='lat' dir='ltr'><strong>Aurelii.</strong></span> <span class='ocrx_word' id='word_1_161' title='bbox 1574 2545 1964 2628; x_wconf 76' lang='lat' dir='ltr'><strong>confessoriS,</strong></span> <span class='ocrx_word' id='word_1_162' title='bbox 2014 2546 2179 2624; x_wconf 90' lang='lat' dir='ltr'><strong>quod</strong></span> <span class='ocrx_word' id='word_1_163' title='bbox 2226 2553 2323 2607; x_wconf 87' lang='lat' dir='ltr'><strong>est</strong></span> <span class='ocrx_word' id='word_1_164' title='bbox 2368 2552 2786 2609; x_wconf 85' lang='lat' dir='ltr'><strong>constructum</strong></span> 
     </span>
     <span class='ocr_line' id='line_1_22' title="bbox 437 2638 2783 2730; baseline 0.001 -19"><span class='ocrx_word' id='word_1_165' title='bbox 437 2651 498 2713; x_wconf 89' lang='lat' dir='ltr'><strong>in</strong></span> <span class='ocrx_word' id='word_1_166' title='bbox 546 2650 896 2729; x_wconf 84' lang='lat' dir='ltr'><strong>Hirsaugia,</strong></span> <span class='ocrx_word' id='word_1_167' title='bbox 943 2653 1004 2712; x_wconf 92' lang='lat' dir='ltr'><strong>in</strong></span> <span class='ocrx_word' id='word_1_168' title='bbox 1050 2652 1207 2713; x_wconf 82' lang='lat' dir='ltr'><strong>wile</strong></span> <span class='ocrx_word' id='word_1_169' title='bbox 1257 2638 1611 2730; x_wconf 87' lang='lat' dir='ltr'><strong>quindecim</strong></span> <span class='ocrx_word' id='word_1_170' title='bbox 1656 2651 1885 2723; x_wconf 81' lang='lat' dir='ltr'><strong>hubas3</strong></span> <span class='ocrx_word' id='word_1_171' title='bbox 1949 2648 2011 2711; x_wconf 91' lang='lat' dir='ltr'><strong>in</strong></span> <span class='ocrx_word' id='word_1_172' title='bbox 2059 2650 2372 2713; x_wconf 85' lang='lat' dir='ltr'><strong>Damhach</strong></span> <span class='ocrx_word' id='word_1_173' title='bbox 2418 2655 2783 2714; x_wconf 71' lang='lat' dir='ltr'><strong>nouem-iu-</strong></span> 
     </span>
     <span class='ocr_line' id='line_1_23' title="bbox 441 2757 2784 2839; baseline 0.002 -22"><span class='ocrx_word' id='word_1_174' title='bbox 441 2764 768 2833; x_wconf 49' lang='grc' dir='ltr'><strong>[ποιῶσι]</strong></span> <span class='ocrx_word' id='word_1_175' title='bbox 832 2775 976 2837; x_wconf 86' lang='lat' dir='ltr'><strong>gera</strong></span> <span class='ocrx_word' id='word_1_176' title='bbox 1030 2760 1368 2831; x_wconf 84' lang='lat' dir='ltr'><strong>vinearum;</strong></span> <span class='ocrx_word' id='word_1_177' title='bbox 1417 2760 1446 2839; x_wconf 83' lang='grc' dir='ltr'>Η</span> <span class='ocrx_word' id='word_1_178' title='bbox 1496 2759 1563 2819; x_wconf 89' lang='lat' dir='ltr'><strong>in</strong></span> <span class='ocrx_word' id='word_1_179' title='bbox 1598 2757 1940 2821; x_wconf 90' lang='lat' dir='ltr'><strong>Waleheim</strong></span> <span class='ocrx_word' id='word_1_180' title='bbox 1990 2758 2291 2831; x_wconf 84' lang='lat' dir='ltr'><strong>vinetum3</strong></span> <span class='ocrx_word' id='word_1_181' title='bbox 2337 2760 2406 2819; x_wconf 88' lang='lat' dir='ltr'><strong>in</strong></span> <span class='ocrx_word' id='word_1_182' title='bbox 2444 2758 2784 2823; x_wconf 87' lang='lat' dir='ltr'><strong>Biberhach</strong></span> 
     </span>
     <span class='ocr_line' id='line_1_24' title="bbox 439 2863 2783 2954; baseline 0.001 -29"><span class='ocrx_word' id='word_1_183' title='bbox 439 2865 776 2927; x_wconf 88' lang='lat' dir='ltr'><strong>ecclesiam</strong></span> <span class='ocrx_word' id='word_1_184' title='bbox 827 2864 1134 2927; x_wconf 84' lang='lat' dir='ltr'><strong>dimidiam</strong></span> <span class='ocrx_word' id='word_1_185' title='bbox 1173 2872 1236 2928; x_wconf 88' lang='lat' dir='ltr'><strong>et</strong></span> <span class='ocrx_word' id='word_1_186' title='bbox 1269 2877 1449 2927; x_wconf 86' lang='lat' dir='ltr'><strong>vnam</strong></span> <span class='ocrx_word' id='word_1_187' title='bbox 1486 2864 1736 2936; x_wconf 87' lang='lat' dir='ltr'><strong>hubam,</strong></span> <span class='ocrx_word' id='word_1_188' title='bbox 1797 2870 1859 2926; x_wconf 89' lang='lat' dir='ltr'><strong>et</strong></span> <span class='ocrx_word' id='word_1_189' title='bbox 1893 2863 2093 2927; x_wconf 84' lang='lat' dir='ltr'><strong>villam</strong></span> <span class='ocrx_word' id='word_1_190' title='bbox 2128 2865 2469 2954; x_wconf 85' lang='lat' dir='ltr'><strong>Botenanc,</strong></span> <span class='ocrx_word' id='word_1_191' title='bbox 2524 2872 2588 2927; x_wconf 87' lang='lat' dir='ltr'><strong>et</strong></span> <span class='ocrx_word' id='word_1_192' title='bbox 2624 2864 2783 2929; x_wconf 88' lang='lat' dir='ltr'><strong>duas</strong></span> 
     </span>
     <span class='ocr_line' id='line_1_25' title="bbox 438 2957 2781 3051; baseline 0 -20"><span class='ocrx_word' id='word_1_193' title='bbox 438 2970 632 3033; x_wconf 83' lang='lat' dir='ltr'><strong>hubas</strong></span> <span class='ocrx_word' id='word_1_194' title='bbox 683 2972 758 3035; x_wconf 65' lang='lat' dir='ltr'><strong>in,</strong></span> <span class='ocrx_word' id='word_1_195' title='bbox 801 2957 1130 3044; x_wconf 80' lang='lat' dir='ltr'><strong>Malmsca,</strong></span> <span class='ocrx_word' id='word_1_196' title='bbox 1189 2977 1251 3032; x_wconf 87' lang='lat' dir='ltr'><strong>et</strong></span> <span class='ocrx_word' id='word_1_197' title='bbox 1301 2968 1612 3051; x_wconf 82' lang='lat' dir='ltr'><strong>dimidiam</strong></span> <span class='ocrx_word' id='word_1_198' title='bbox 1666 2976 1901 3048; x_wconf 88' lang='lat' dir='ltr'><strong>partem</strong></span> <span class='ocrx_word' id='word_1_199' title='bbox 1958 2968 2554 3049; x_wconf 78' lang='lat' dir='ltr'><strong>Gumprechtswsser.</strong></span> <span class='ocrx_word' id='word_1_200' title='bbox 2646 2969 2781 3032; x_wconf 87' lang='lat' dir='ltr'><strong>Hec</strong></span> 
     </span>
     <span class='ocr_line' id='line_1_26' title="bbox 435 3058 2782 3154; baseline -0.001 -15"><span class='ocrx_word' id='word_1_201' title='bbox 435 3084 644 3140; x_wconf 88' lang='lat' dir='ltr'><strong>autem</strong></span> <span class='ocrx_word' id='word_1_202' title='bbox 701 3080 906 3139; x_wconf 85' lang='lat' dir='ltr'><strong>omnia</strong></span> <span class='ocrx_word' id='word_1_203' title='bbox 959 3078 1023 3139; x_wconf 92' lang='lat' dir='ltr'><strong>in</strong></span> <span class='ocrx_word' id='word_1_204' title='bbox 1077 3077 1501 3137; x_wconf 86' lang='lat' dir='ltr'><strong>concambium</strong></span> <span class='ocrx_word' id='word_1_205' title='bbox 1554 3058 1723 3137; x_wconf 88' lang='lat' dir='ltr'><strong>dedit</strong></span> <span class='ocrx_word' id='word_1_206' title='bbox 1774 3093 1882 3154; x_wconf 90' lang='lat' dir='ltr'><strong>pro</strong></span> <span class='ocrx_word' id='word_1_207' title='bbox 1940 3080 2109 3136; x_wconf 87' lang='lat' dir='ltr'><strong>curte</strong></span> <span class='ocrx_word' id='word_1_208' title='bbox 2160 3073 2235 3136; x_wconf 91' lang='lat' dir='ltr'><strong>ad</strong></span> <span class='ocrx_word' id='word_1_209' title='bbox 2279 3073 2517 3140; x_wconf 80' lang='lat' dir='ltr'><strong>Louffe.</strong></span> <span class='ocrx_word' id='word_1_210' title='bbox 2609 3076 2782 3139; x_wconf 86' lang='lat' dir='ltr'><strong>Idem</strong></span> 
     </span>
     <span class='ocr_line' id='line_1_27' title="bbox 437 3162 2781 3261; baseline -0.001 -18"><span class='ocrx_word' id='word_1_211' title='bbox 437 3200 650 3243; x_wconf 83' lang='lat' dir='ltr'><strong>comes</strong></span> <span class='ocrx_word' id='word_1_212' title='bbox 706 3162 920 3261; x_wconf 79' lang='lat' dir='ltr'><strong>postea</strong></span> <span class='ocrx_word' id='word_1_213' title='bbox 975 3180 1050 3242; x_wconf 91' lang='lat' dir='ltr'><strong>ad</strong></span> <span class='ocrx_word' id='word_1_214' title='bbox 1087 3180 1575 3242; x_wconf 84' lang='lat' dir='ltr'><strong>Scaltehrunn&#39;en</strong></span> <span class='ocrx_word' id='word_1_215' title='bbox 1612 3178 1841 3241; x_wconf 81' lang='lat' dir='ltr'><strong>decem</strong></span> <span class='ocrx_word' id='word_1_216' title='bbox 1876 3180 2072 3249; x_wconf 85' lang='lat' dir='ltr'><strong>hubas</strong></span> <span class='ocrx_word' id='word_1_217' title='bbox 2110 3180 2313 3254; x_wconf 87' lang='lat' dir='ltr'><strong>dedit,</strong></span> <span class='ocrx_word' id='word_1_218' title='bbox 2368 3182 2633 3261; x_wconf 86' lang='lat' dir='ltr'><strong>quinque</strong></span> <span class='ocrx_word' id='word_1_219' title='bbox 2670 3199 2781 3261; x_wconf 87' lang='lat' dir='ltr'><strong>pro</strong></span> 
     </span>
    </p>
   </div>
   <div class='ocr_carea' id='block_1_5' title="bbox 434 3284 2185 3385">
    <p class='ocr_par' dir='ltr' id='par_1_5' title="bbox 434 3284 2185 3385">
     <span class='ocr_line' id='line_1_28' title="bbox 434 3284 2185 3385; baseline -0.004 -34"><span class='ocrx_word' id='word_1_220' title='bbox 434 3290 698 3367; x_wconf 85' lang='lat' dir='ltr'><strong>coniuge</strong></span> <span class='ocrx_word' id='word_1_221' title='bbox 735 3286 1033 3352; x_wconf 88' lang='lat' dir='ltr'><strong>Wielicha</strong></span> <span class='ocrx_word' id='word_1_222' title='bbox 1073 3294 1134 3385; x_wconf 88' lang='lat' dir='ltr'><strong>et</strong></span> <span class='ocrx_word' id='word_1_223' title='bbox 1170 3288 1440 3380; x_wconf 89' lang='lat' dir='ltr'><strong>quinque</strong></span> <span class='ocrx_word' id='word_1_224' title='bbox 1476 3304 1588 3367; x_wconf 89' lang='lat' dir='ltr'><strong>pro</strong></span> <span class='ocrx_word' id='word_1_225' title='bbox 1625 3284 1761 3360; x_wconf 19' lang='lat' dir='ltr'><strong>filio*</strong></span> <span class='ocrx_word' id='word_1_226' title='bbox 1788 3286 2136 3357; x_wconf 83' lang='lat' dir='ltr'><strong>Adalberto.</strong></span> <span class='ocrx_word' id='word_1_227' title='bbox 2178 3332 2185 3343; x_wconf 89' lang='lat'><strong>.</strong></span> 
     </span>
    </p>
   </div>
   <div class='ocr_carea' id='block_1_6' title="bbox 607 3452 2221 3687">
    <p class='ocr_par' dir='ltr' id='par_1_6' title="bbox 607 3452 2221 3687">
     <span class='ocr_line' id='line_1_29' title="bbox 1326 3452 1894 3544; baseline -0.011 -15"><span class='ocrx_word' id='word_1_228' title='bbox 1326 3452 1894 3544; x_wconf 60' lang='lat' dir='ltr'><strong>[Burehlialden]</strong></span> 
     </span>
     <span class='ocr_line' id='line_1_30' title="bbox 607 3558 2221 3687; baseline -0.002 -22"><span class='ocrx_word' id='word_1_229' title='bbox 607 3602 903 3667; x_wconf 78' lang='lat' dir='ltr'><strong>Rudolfus</strong></span> <span class='ocrx_word' id='word_1_230' title='bbox 927 3623 1047 3687; x_wconf 34' lang='lat' dir='ltr'><strong>,rex</strong></span> <span class='ocrx_word' id='word_1_231' title='bbox 1085 3599 1256 3667; x_wconf 78' lang='lat' dir='ltr'><strong>dedit</strong></span> <span class='ocrx_word' id='word_1_232' title='bbox 1289 3564 1365 3666; x_wconf 87' lang='lat' dir='ltr'><strong>ad</strong></span> <span class='ocrx_word' id='word_1_233' title='bbox 1401 3604 1827 3670; x_wconf 81' lang='lat' dir='ltr'><strong>Burchhalden</strong></span> <span class='ocrx_word' id='word_1_234' title='bbox 1861 3602 1942 3665; x_wconf 87' lang='lat' dir='ltr'><strong>XI</strong></span> <span class='ocrx_word' id='word_1_235' title='bbox 1976 3558 2221 3666; x_wconf 27' lang='lat' dir='ltr'><strong>hubas?</strong></span> 
     </span>
    </p>
   </div>
   <div class='ocr_carea' id='block_1_7' title="bbox 1441 3775 1759 3878">
    <p class='ocr_par' dir='ltr' id='par_1_7' title="bbox 1441 3775 1759 3878">
     <span class='ocr_line' id='line_1_31' title="bbox 1441 3775 1759 3878; baseline 0 -35"><span class='ocrx_word' id='word_1_236' title='bbox 1441 3775 1759 3878; x_wconf 59' lang='lat' dir='ltr'><strong>aunem</strong></span> 
     </span>
    </p>
   </div>
   <div class='ocr_carea' id='block_1_8' title="bbox 423 3904 2777 4419">
    <p class='ocr_par' dir='ltr' id='par_1_8' title="bbox 423 3904 2777 4419">
     <span class='ocr_line' id='line_1_32' title="bbox 605 3904 2777 3989; baseline 0.003 -11"><span class='ocrx_word' id='word_1_237' title='bbox 605 3904 970 3979; x_wconf 82' lang='lat' dir='ltr'><strong>Bertholdus</strong></span> <span class='ocrx_word' id='word_1_238' title='bbox 1011 3915 1128 3979; x_wconf 84' lang='lat' dir='ltr'><strong>dux</strong></span> <span class='ocrx_word' id='word_1_239' title='bbox 1161 3919 1225 3979; x_wconf 87' lang='lat' dir='ltr'><strong>in</strong></span> <span class='ocrx_word' id='word_1_240' title='bbox 1263 3918 1539 3981; x_wconf 88' lang='lat' dir='ltr'><strong>Gilesten</strong></span> <span class='ocrx_word' id='word_1_241' title='bbox 1580 3936 1809 3980; x_wconf 86' lang='lat' dir='ltr'><strong>nouem</strong></span> <span class='ocrx_word' id='word_1_242' title='bbox 1852 3919 2047 3981; x_wconf 85' lang='lat' dir='ltr'><strong>hubas</strong></span> <span class='ocrx_word' id='word_1_243' title='bbox 2102 3926 2163 3982; x_wconf 91' lang='lat' dir='ltr'><strong>et</strong></span> <span class='ocrx_word' id='word_1_244' title='bbox 2205 3919 2519 3983; x_wconf 86' lang='lat' dir='ltr'><strong>dimidiam</strong></span> <span class='ocrx_word' id='word_1_245' title='bbox 2570 3922 2777 3989; x_wconf 87' lang='lat' dir='ltr'><strong>eccle-</strong></span> 
     </span>
     <span class='ocr_line' id='line_1_33' title="bbox 426 4022 2776 4113; baseline 0.002 -29"><span class='ocrx_word' id='word_1_246' title='bbox 426 4025 582 4113; x_wconf 79' lang='lat' dir='ltr'><strong>siam</strong></span> <span class='ocrx_word' id='word_1_247' title='bbox 638 4029 700 4084; x_wconf 90' lang='lat' dir='ltr'><strong>et</strong></span> <span class='ocrx_word' id='word_1_248' title='bbox 749 4022 1063 4093; x_wconf 84' lang='lat' dir='ltr'><strong>dimidium</strong></span> <span class='ocrx_word' id='word_1_249' title='bbox 1109 4030 1441 4101; x_wconf 80' lang='lat' dir='ltr'><strong>mercatum</strong></span> <span class='ocrx_word' id='word_1_250' title='bbox 1490 4025 1563 4085; x_wconf 89' lang='lat' dir='ltr'><strong>in·</strong></span> <span class='ocrx_word' id='word_1_251' title='bbox 1594 4026 1955 4088; x_wconf 84' lang='lat' dir='ltr'><strong>concambio</strong></span> <span class='ocrx_word' id='word_1_252' title='bbox 1990 4044 2100 4105; x_wconf 85' lang='lat' dir='ltr'><strong>pro</strong></span> <span class='ocrx_word' id='word_1_253' title='bbox 2137 4025 2365 4105; x_wconf 79' lang='lat' dir='ltr'><strong>predio.</strong></span> <span class='ocrx_word' id='word_1_254' title='bbox 2388 4027 2451 4105; x_wconf 85' lang='lat' dir='ltr'><strong>in</strong></span> <span class='ocrx_word' id='word_1_255' title='bbox 2487 4027 2776 4089; x_wconf 89' lang='lat' dir='ltr'><strong>Wilheim</strong></span> 
     </span>
     <span class='ocr_line' id='line_1_34' title="bbox 431 4110 2777 4210; baseline 0.002 -19"><span class='ocrx_word' id='word_1_256' title='bbox 431 4128 630 4201; x_wconf 80' lang='lat' dir='ltr'><strong>dedit3</strong></span> <span class='ocrx_word' id='word_1_257' title='bbox 694 4127 859 4210; x_wconf 90' lang='lat' dir='ltr'><strong>quod</strong></span> <span class='ocrx_word' id='word_1_258' title='bbox 913 4110 1227 4207; x_wconf 69' lang='lat' dir='ltr'><strong>predium‘</strong></span> <span class='ocrx_word' id='word_1_259' title='bbox 1253 4122 1510 4193; x_wconf 79' lang='lat' dir='ltr'><strong>dederat</strong></span> <span class='ocrx_word' id='word_1_260' title='bbox 1560 4131 1737 4207; x_wconf 83' lang='lat' dir='ltr'><strong>nobis</strong></span> <span class='ocrx_word' id='word_1_261' title='bbox 1792 4130 2228 4203; x_wconf 85' lang='lat' dir='ltr'><strong>Gehehardus,</strong></span> <span class='ocrx_word' id='word_1_262' title='bbox 2294 4134 2777 4195; x_wconf 76' lang='lat' dir='ltr'><strong>constantiensis</strong></span> 
     </span>
     <span class='ocr_line' id='line_1_35' title="bbox 427 4224 2775 4314; baseline 0.001 -19"><span class='ocrx_word' id='word_1_263' title='bbox 427 4236 755 4314; x_wconf 87' lang='lat' dir='ltr'><strong>episcopus</strong></span> <span class='ocrx_word' id='word_1_264' title='bbox 775 4279 793 4305; x_wconf 89' lang='lat'>‚</span> <span class='ocrx_word' id='word_1_265' title='bbox 844 4234 1049 4301; x_wconf 73' lang='lat' dir='ltr'><strong>frater,</strong></span> <span class='ocrx_word' id='word_1_266' title='bbox 1079 4224 1336 4313; x_wconf 80' lang='lat' dir='ltr'><strong>predicti</strong></span> <span class='ocrx_word' id='word_1_267' title='bbox 1376 4234 1548 4303; x_wconf 78' lang='lat' dir='ltr'><strong>ducis</strong></span> <span class='ocrx_word' id='word_1_268' title='bbox 1584 4233 1917 4301; x_wconf 79' lang='lat' dir='ltr'><strong>Bertholdi.</strong></span> <span class='ocrx_word' id='word_1_269' title='bbox 1944 4282 1951 4291; x_wconf 65' lang='grc'><strong>.</strong></span> <span class='ocrx_word' id='word_1_270' title='bbox 1976 4236 2232 4307; x_wconf 80' lang='lat' dir='ltr'><strong>·-Postea</strong></span> <span class='ocrx_word' id='word_1_271' title='bbox 2268 4237 2329 4298; x_wconf 91' lang='lat' dir='ltr'><strong>in</strong></span> <span class='ocrx_word' id='word_1_272' title='bbox 2368 4237 2593 4302; x_wconf 83' lang='lat' dir='ltr'><strong>eodem</strong></span> <span class='ocrx_word' id='word_1_273' title='bbox 2630 4238 2775 4299; x_wconf 85' lang='lat' dir='ltr'><strong>loco</strong></span> 
     </span>
     <span class='ocr_line' id='line_1_36' title="bbox 423 4331 1492 4419; baseline -0.002 -18"><span class='ocrx_word' id='word_1_274' title='bbox 423 4339 654 4403; x_wconf 78' lang='lat' dir='ltr'><strong>addidit</strong></span> <span class='ocrx_word' id='word_1_275' title='bbox 687 4331 999 4419; x_wconf 74' lang='lat' dir='ltr'><strong>&#39;predictus</strong></span> <span class='ocrx_word' id='word_1_276' title='bbox 1035 4338 1152 4404; x_wconf 86' lang='lat' dir='ltr'><strong>dux</strong></span> <span class='ocrx_word' id='word_1_277' title='bbox 1190 4340 1492 4407; x_wconf 75' lang='lat' dir='ltr'><strong>V,-hubas.</strong></span> 
     </span>
    </p>
   </div>
   <div class='ocr_carea' id='block_1_9' title="bbox 2952 2321 2966 3409">
    <p class='ocr_par' dir='ltr' id='par_1_9' title="bbox 2952 2321 2966 3409">
     <span class='ocr_line' id='line_1_37' title="bbox 2952 2321 2966 3409; baseline 0 0"><span class='ocrx_word' id='word_1_278' title='bbox 2952 2321 2966 3409; x_wconf 95' lang='lat' dir='ltr'><strong> </strong></span> 
     </span>
    </p>
   </div>
   <div class='ocr_carea' id='block_1_10' title="bbox 2951 3670 2967 4921">
    <p class='ocr_par' dir='ltr' id='par_1_10' title="bbox 2951 3670 2967 4921">
     <span class='ocr_line' id='line_1_38' title="bbox 2951 3670 2967 4921; baseline 0 0"><span class='ocrx_word' id='word_1_279' title='bbox 2951 3670 2967 4921; x_wconf 95' lang='lat' dir='ltr'><strong> </strong></span> 
     </span>
    </p>
   </div>
  </div>
 </body>
</html>
