3009 5009
1290 288 1372 351 27

163 465 454 543 precipue
502 470 850 527 sanctorum
895 462 1174 533 Martini,
1223 462 1506 525 siluestri
1520 508 1539 534 ,
1590 463 1871 544 Gregorii
1914 482 2069 546 pape
2116 471 2181 529 et
2224 466 2509 539 doctoris,

162 570 432 641 Nicolai‚
501 568 796 649 Remigii,
860 568 1150 633 Vdalrici.
1189 608 1198 615 -
1244 568 1651 633 Continentur
1712 579 1923 635 autem
1984 574 2049 637 in
2114 590 2191 635 eo
2248 572 2511 652 reliquie

163 674 502 741 eorundem
539 675 982 748 confessorum,
1030 676 1347 754 sanctique
1383 672 1607 748 iacobi,
1655 676 1951 750 Zebedei,
1994 676 2187 741 Blasii
2215 679 2509 756 martyris,

159 783 521 859 Augustini,
586 780 928 852 Ambrosii,
995 780 1258 851 Valerii,
1316 780 1684 855 wanbaldi,
1746 782 1969 844 Seueri
2012 774 2511 853 mediolanensis,

161 886 440 969 Seuerini
493 886 912 966 coloniensis,
969 884 1253 965 Prosperi
1301 887 1577 966 episcopi
1626 894 1689 949 et
1734 886 2043 961 doctoris,
2091 885 2510 957 Hermachori,

159 992 500 1058 Hieronimi
546 994 888 1074 presbyteri
935 1000 1000 1055 et
1043 992 1254 1055 Maioli
1298 994 1548 1055 abbatis.

797 1164 1054 1233 Altare
1098 1166 1403 1249 omnium
1446 1142 1877 1235 sanctorum.

333 1308 542 1369 Altare
605 1309 880 1388 quintum
935 1326 970 1370 a
1029 1306 1250 1370 medio·
1285 1307 1667 1370 dextrorsum
1710 1307 1825 1371 kal.
1874 1306 2138 1385 Augusti
2180 1322 2503 1393 consecra-

160 1421 298 1476 tum
311 1418 410 1475 est
437 1415 504 1475 in
543 1413 776 1489 honore
806 1414 1082 1475 omnium
1119 1421 1474 1475 sanctorum
1512 1417 1575 1475 et
1612 1420 1823 1475 sancte
1850 1408 2205 1474 mechtildis
2240 1411 2509 1491 virginis.

160 1517 224 1579 In
269 1537 390 1599 quo
439 1518 826 1581 continentur
861 1520 1118 1599 reliquie
1147 1526 1496 1582 sanctorum
1528 1520 1943 1598 apostolorum
1968 1516 2235 1590 Andree,
2278 1517 2507 1589 Iacchi,

156 1625 396 1696 Mathie,
444 1623 730 1686 Iohannis
757 1623 1037 1703 baptiste,
1085 1624 1377 1704 Stephani
1419 1624 1893 1702 protomartyris,
1942 1622 2283 1685 Clementis
2326 1639 2507 1701 pape,

159 1732 338 1804 sixti,
398 1731 664 1802 Donati,
727 1730 992 1810 Hypoliti
1016 1776 1032 1802 ,
1096 1731 1415 1809 Crisogoni
1435 1775 1450 1801 ‚
1513 1729 1811 1790 Pancratii
1831 1774 1848 1801 ‚
1897 1728 2237 1799 Valentini,
2283 1726 2507 1799 Prothi,

157 1838 442 1912 lacincti,
493 1839 800 1919 cipriani,
845 1838 1066 1910 Blasii,
1115 1815 1420 1911 Quintini,
1469 1836 1847 1908 sebastiani,
1894 1834 2167 1907 Tiburtii,
2216 1833 2506 1909 Senouis,

157 1944 476 2025 Lamperti,
523 1944 838 2007 Eustachii
882 1944 1188 2021 martyris,
1228 1942 1506 2022 Gregorii
1545 1954 1720 2022 pape,
1769 1942 2053 2015 Vdalrici,
2102 1937 2507 2013 Guillibrordi,

157 2049 502 2114 Guillibaldi
523 2096 540 2122 ,
603 2049 819 2137 Iustini
839 2094 858 2121 ,
913 2050 1138 2121 Aurei,
1197 2048 1398 2119 Celsi,
1429 2047 1683 2112 ,Valerii
1705 2094 1722 2119 ‚
1768 2045 2017 2109 Maximi
2062 2046 2505 2118 confessorum,

157 2156 410 2228 cecilie,
459 2155 744 2226 Barbare,
791 2154 1140 2233 walpurge,
1187 2153 1442 2224 Iuliane,
1489 2152 1852 2223 Scolastice,
1894 2152 2149 2225 Seuere,
2178 2152 2507 2213 Felicitatis

153 2263 465 2341 martyris3
513 2262 664 2322 item·
706 2260 960 2338 reliquie
1011 2259 1088 2321 de
1134 2261 1505 2321 vestimento
1551 2259 1734 2320 beate
1780 2256 1987 2319 Marie‘
2020 2257 2121 2319 dei
2166 2258 2505 2337 genitricis,

157 2368 230 2429 de
301 2364 592 2445 sepulcro
659 2363 891 2426 domini
952 2364 1284 2429 Adalberti'
1321 2350 1743 2431 etNalentini.
1791 2370 2154 2443 martyrum,
2224 2361 2301 2425 de
2347 2369 2507 2426 terra

158 2474 347 2535 sancti
390 2470 656 2535 Udalrici
703 2472 1006 2551 episcopi.·
1824 2488 1829 2497 ·

587 2644 842 2713 Altare
883 2644 1112 2712 sancti
1155 2624 1655 2711 Emmerammt
1696 2644 2057 2731 martyria.

331 2787 545 2849 Altare
569 2832 585 2859 ,
657 2785 826 2867 quod
897 2792 996 2849 est
1065 2779 1416 2866 proximum'
1465 2804 1500 2847 a
1562 2784 1769 2848 medio
1824 2784 1889 2847 in
1956 2787 2199 2849 sinistra
2256 2791 2447 2863 parte,
2470 2784 2501 2872 ss

163 2899 325 2955 sexto
381 2912 578 2956 nonas
623 2892 766 2954 Maii
821 2900 1251 2965 consecratum
1308 2898 1404 2953 est
1447 2895 1513 2953 in
1557 2893 1788 2953 honore
1838 2891 2098 2971 preclari
2164 2897 2305 2965 [Ful.
2326 2898 2501 2966 nh]

163 2999 432 3077 martyris
482 3005 663 3078 atque
709 2996 1017 3077 pontificis
1063 2998 1493 3059 Emmerammi
1544 3003 1607 3057 et
1652 2998 1923 3057 omnium
1968 3002 2314 3062 sanctorum
2361 3000 2498 3077 proi

161 3102 500 3179 phetarum.
595 3103 993 3165 Continentur
1036 3104 1099 3163 in
1149 3120 1224 3164 eo
1266 3102 1529 3181 reliquie
1576 3103 1778 3163 sancti
1822 3099 2052 3163 Mathei
2100 3101 2501 3181 euangelista,

160 3204 364 3280 Blasii,
411 3207 804 3279 christofori,
841 3208 1174 3280 Valeriani,
1221 3206 1416 3269 Marci
1463 3215 1531 3269 et
1572 3206 1975 3278 Marcelliani,
2019 3205 2339 3279 Pancratii,
2385 3208 2501 3274 Va-

159 3308 400 3385 lentini,
439 3310 738 3392 Dionysii,
787 3311 1032 3390 Pelagii,
1067 3310 1295 3391 Magni,
1336 3311 1695 3375 Nicomedis
1733 3318 2077 3392 martyrum,
2114 3311 2501 3391 Wolffgangi‚

160 3416 420 3492 Erhardi,
467 3418 804 3487 Burckardi
845 3418 1310 3488 confessorum,
1345 3425 1561 3481 sancte
1608 3418 1938 3480 Felicitatis
1982 3420 2291 3497 martyris,
2339 3418 2501 3481 Wal-

161 3538 340 3603 purge
383 3524 656 3604 virginis.
997 3538 1018 3547 ‘
1566 3544 1573 3551 ·
1972 3551 1979 3557 ·

662 3672 670 3683 ⁶
714 3700 720 3705 '
853 3672 1107 3761 Altare
1147 3693 1374 3767 sancti
1415 3690 1818 3759 Laurentii.

328 3841 537 3903 Altare
583 3842 845 3903 tercium
906 3858 959 3901 a·
995 3840 1203 3902 medio
1250 3838 1667 3900 sinistrorsum
1714 3838 1923 3916 quinto
1973 3855 2163 3901 nonas
2201 3838 2345 3904 Maii
2391 3838 2498 3903 de-

167 3940 423 4007 dicatum
472 3953 568 4009 est
611 3932 953 4011 inhonore
1003 3948 1199 4009 sancti
1225 3945 1539 4009 Laurentii
1568 3945 1849 4023 martyris
1888 3950 1951 4007 ct
1986 3946 2179 4009 sancti
2206 3946 2501 4037 Stephani

164 4054 606 4132 protomartyris
634 4098 652 4125 ‚
725 4053 1063 4117 Innocentii
1087 4100 1102 4126 ‚
1187 4053 1372 4117 Blasii
1391 4097 1410 4124 ,
1493 4049 1762 4115 Mauritii
1836 4054 2267 4135 sociorumque
2342 4056 2501 4129 eius,

167 4151 419 4237 Georgii,
469 4160 814 4231 Sebastiani
861 4166 926 4222 et
959 4164 1234 4223 omnium
1282 4166 1633 4223 sauctorum
1678 4164 2020 4239 martyrum.
2097 4160 2501 4225 Continentur

165 4256 225 4317 in
256 4262 388 4339 ipso
425 4264 598 4327 altari
635 4266 897 4346 reliquie
925 4268 1122 4329 sancti
1157 4265 1488 4337 Laurentii,
1536 4266 1733 4326 sancti
1778 4261 1977 4329 iacobi
2022 4266 2221 4331 fratris
2266 4268 2499 4331 domini

167 4360 419 4431 Mauritii
437 4414 458 4442 ,
519 4370 745 4443 Blasii,
804 4370 1086 4451 Georgii,
1137 4370 1521 4441 Sebastiam,
1571 4370 1831 4432 Victoris
1852 4416 1867 4441 ,
1918 4369 2151 4435 Thebai
2198 4362 2494 4453 martyris,
