3009 5009
1423 296 1500 359 19

291 486 542 550 operam
591 470 767 532 suani
811 471 1055 559 locaret,
1105 468 1268 551 quod
1317 472 1500 533 etiam
1546 470 1711 534 fecit.
1774 464 2085 550 collegam
2134 472 2341 535 habuit
2386 470 2469 539 Μ.
2514 472 2625 536 Se·

290 578 633 659 bastianum
677 578 956 640 Blossen.
1051 578 1284 641 Eodem
1351 596 1545 649 anno,
1619 573 1719 643 13.
1770 578 1871 641 die
1930 578 2292 651 Decembr.,
2368 580 2630 643 loannes

293 683 479 746 abbas
523 684 794 745 moritur.

955 855 1084 925 34.
1127 855 1585 927 ,ιυαοωεωι
1626 806 1972 927 mamn-

293 994 401 1062 34.
451 997 640 1059 abbas
689 1000 934 1078 cligitur
979 998 1490 1087 stuttgardianus,
1541 1000 1642 1063 vbi
1692 994 2076 1080 ‘aliquamdiu
2138 1002 2413 1079 priuatus
2474 1000 2634 1072 vixit,

290 1110 353 1165 vt
391 1122 572 1185 supra
622 1104 868 1178 dictum,
916 1110 1287 1171 monasterio
1333 1108 1552 1169 relicto
1602 1126 1761 1171 anno
1810 1104 1955 1181 34.;
1992 1108 2189 1170 factus
2238 1117 2334 1172 est
2376 1108 2635 1188 principi

291 1209 583 1290 supplex,
653 1212 716 1272 in
785 1211 1064 1274 abbatem
1128 1219 1190 1275 vt
1245 1214 1464 1293 eligat,
1530 1216 1897 1292 praesertim
1954 1230 2093 1276 cum
2153 1215 2321 1294 prius
2367 1214 2635 1294 priorem

293 1316 558 1393 egisset3
605 1314 801 1377 factus
848 1321 946 1377 est
990 1318 1114 1379 voti
1163 1300 1450 1397 compos,
1497 1316 1777 1397 praefuit·
1806 1315 2013 1381 officio
2050 1336 2239 1400 vsque
2288 1317 2363 1380 ad
2410 1336 2633 1382 annum

293 1416 398 1493 60,
451 1420 550 1485 18.
599 1422 750 1501 Aug.
799 1423 916 1485 vita
963 1422 1227 1494 functus,
1274 1429 1450 1484 natus
1498 1439 1690 1488 annos
1739 1420 1844 1487 84.
2338 1428 2346 1438 ’

805 1594 932 1662 35.
1022 1596 1406 1663 Heinricuc
1467 1595 2125 1667 Woiokeraechreiter

295 1738 402 1805 35.
467 1742 693 1813 abhas,
765 1744 1009 1821 eligitur
1071 1732 1238 1805 anno
1300 1741 1475 1809 1560
1540 1758 1755 1805 mense
1802 1744 2113 1823 Augusto,
2179 1744 2433 1805 moritur
2477 1760 2635 1804 anno

294 1846 518 1907 Christi
580 1839 785 1919 1569,
854 1848 950 1908 die
1015 1846 1076 1911 8.
1124 1847 1365 1929 Aprilis,
1460 1844 1595 1910 Fuit
1654 1849 1899 1909 natione
1946 1848 2210 1909 Francus
2276 1866 2349 1910 ex
2410 1847 2635 1929 oppido

250 1950 706 2023 *Schwabacm
769 1950 1211 2013 sacrosanctae
1257 1952 1603 2031 theologiae
1653 1948 1901 2024 doctor,
1960 1954 2052 2015 vir
2096 1950 2371 2032 placidus
2418 1959 2482 2014 et
2526 1952 2635 2015 hu·

293 2072 534 2118 manus.
599 2056 868 2118 Verbum
915 2056 1031 2117 Dei
1077 2074 1297 2135 magno
1343 2058 1478 2118 zelo
1529 2055 1739 2119 docuit
1782 2064 1847 2119 et
1891 2060 2228 2120 constantia
2278 2063 2341 2119 et
2382 2060 2637 2138 primus,

293 2164 410 2244 qui
445 2178 657 2243 puram
705 2164 1015 2243 euangelii
1064 2163 1401 2227 doctrinam
1445 2165 1511 2225 in
1555 2160 1673 2227 hoc
1722 2166 2021 2228 coenobio
2085 2166 2410 2287 plantauit,
2475 2168 2635 2245 prin-

295 2272 432 2349 cipe
481 2271 774 2333 existente
823 2251 1276 2377 christophoro,
1495 2278 1500 2285 ’

879 2443 1036 2513 36.
1125 2444 1484 2513 Johmnee
1526 2402 2022 2519 Parsimonia·
2146 2476 2153 2481 ·
2278 2488 2291 2499 ·

291 2590 480 2667 patria
526 2588 949 2670 Augustanus,
997 2591 1183 2653 abbas
1232 2582 1631 2671 euang'elicus
1681 2568 2289 2686 secundus,”ordine
2336 2586 2440 2656 36.
2514 2588 2638 2671 ,Ῡίι-

289 2691 637 2774 theologus,
687 2694 1053 2769 eruditione,
1099 2698 1344 2775 pietate,
1396 2697 1761 2767 constantia,
1807 2690 2199 2775 experientia,
2248 2692 2370 2789 fide
2396 2684 2635 2765 claras,

295 2798 372 2861 de
411 2800 678 2863 ecclesia
726 2808 788 2863 et
833 2800 1046 2863 schola
1094 2800 1320 2880 optime
1367 2802 1640 2887 meritus,
1689 2804 1969 2863 minister
2011 2802 2183 2875 verbi
2225 2802 2289 2862 in
2338 2798 2637 2861 distinctis
2709 2788 2754 2824 ·’

291 2904 446 2966 locis
495 2903 724 2987 (vtpote
771 2908 1078 2985 Augustae
1119 2904 1318 2979 vind„
1367 2904 1747 2985 Thubing'ae,
1798 2904 2087 2967 diaconus
2126 2901 2433 2985 Blabyrae,
2486 2904 2637 2966 Can·

297 3010 474 3071 stadii
533 3009 654 3091 (vbi
701 3018 764 3071 et
811 3010 1080 3072 decanus
1125 3010 1297 3093 fuit),
1365 3010 1789 3091 Stuttgardiae.
1822 3012 1885 3071 in
1930 3010 2067 3073 aula
2111 3010 2461 3091 principis„
2528 3009 2640 3072 fuit

291 3134 404 3195 per
451 3135 642 3178 annos
688 3116 778 3181 42
823 3116 1210 3179 consiliarius
1260 3116 1432 3177 ducis
1478 3117 2083 3195 Wirte.mbergensiS‚
2130 3115 2395 3195 praesul„
2420 3112 2637 3176 domus

293 3222 472 3283 huius
511 3220 686 3294 fidus,
737 3222 836 3283 cui
882 3222 1118 3283 muneri
1165 3218 1422 3301 praefuit
1467 3222 1640 3282 annis
1688 3220 1792 3286 20.
1853 3220 2106 3283 Moritur
2150 3237 2307 3281 anno
2362 3216 2531 3284 1588
2574 3218 2635 3278 in

291 3326 488 3409 vigilia
553 3328 876 3389 natiuitatis
923 3326 1140 3389 Christi
1187 3328 1285 3405 pie
1335 3334 1398 3389 et
1439 3324 1717 3406 placide,
1784 3344 1940 3388 anno
1990 3320 2217 3388 aetatis
2249 3322 2352 3389 63.
2376 3370 2393 3398 ,
2462 3326 2638 3385 cuius

297 3450 519 3513 corpus
565 3434 666 3495 hic
713 3434 895 3494 etiam
941 3435 1236 3511 quiescit,
1307 3434 1511 3494 anima
1572 3437 1779 3495 autem
1824 3432 1973 3493 viuit
2019 3434 2080 3491 in
2127 3432 2259 3490 Deo
2310 3433 2640 3507 expectans

295 3548 556 3619 optatam
600 3539 1134 3601 resurrectionem.
1173 3536 1214 3616 ¹)

923 3710 1058 3777 32·
1101 3708 1488 3805 'Antonius
1558 3672 2012 3775 Vmbriam

294 3860 737 3922 sacrosanctae
783 3858 1129 3937 theologiae
1179 3857 1424 3926 doctor,
1491 3857 1860 3917 nascebatur
1904 3852 2637 3934 Lindauiae11‘[ilol.15·.]

293 3983 450 4028 anno
483 3968 688 4029 salutis
733 3962 902 4031 1555
952 3965 1053 4026 die
1106 3962 1205 4031 17.
1255 3964 1532 4025 Ianuarii.
1599 3962 1827 4024 Exinde
1873 3963 1937 4023 in
1985 3964 2117 4023 eius
2165 3962 2343 4033 vrbis,
2394 3968 2637 4041 postea-

295 4089 414 4151 que
464 4070 871 4152 Tubingensis
931 4076 992 4131 et
1044 4068 1506 4149 Argentinensis
1573 4068 1869 4149 gymnasii
1936 4066 2253 4146 disciplina
2321 4063 2637 4135 educatus,

441 4317 508 4385 1),
532 4314 1000 4380 Bandbemerkung
1035 4315 1127 4366 des
1167 4314 1365 4365 Codex:
1420 4313 1665 4379 symbolo
1713 4312 1811 4364 hoc
1848 4312 1901 4363 in
1941 4311 2079 4362 vinis
2117 4311 2358 4361 Vtebatur
2396 4324 2455 4358 ex
2492 4306 2641 4371 psal-

292 4422 372 4456 mo
411 4406 518 4471 25„
555 4405 771 4458 Rectum
811 4410 863 4455 et
896 4404 1156 4469 integrum
1191 4398 1456 4453 custodiet
1491 4414 1587 4451 me.

2110 4486 2140 4535 2
2179 4483 2213 4518 ιιι
