3009 5009
1612 309 1692 375 14

471 493 717 572 giosus,
793 492 1018 572 quippe
1095 491 1198 569 qui
1273 496 1392 559 tam
1451 491 1513 549 in
1582 502 1650 549 se
1718 489 1888 566 ipso,
1966 502 2147 565 quam
2216 487 2275 545 in
2346 487 2464 547 sibi
2528 486 2825 547 subiectis

472 596 720 658 schema
775 595 998 673 vigoris
1045 595 1420 655 monasticae
1476 590 1828 653 inuiolatum
1886 589 2193 652 custodire
2251 590 2514 662 cui-auin
2570 592 2827 670 praefuit

469 704 645 764 annis
687 701 792 771 11,
839 698 1059 761 diebus
1112 701 1192 764 15
1243 700 1394 761 satis
1440 697 1679 760 vtiliter.
1787 734 1797 739 -

1307 870 1424 939 13.
1516 868 1984 963 Ebot-hardus

477 1019 760 1082 decimus
823 1018 1042 1105 tertius
1107 1016 1265 1079 Hirs.
1330 1016 1515 1077 abbas
1582 1016 1826 1095 eligitur
1882 1032 2041 1075 anno
2104 1010 2296 1079 1216.
2408 1003 2514 1075 Vir
2566 1015 2827 1075 scientia

474 1128 872 1204 moribusque
921 1124 1149 1193 clarus,
1217 1140 1290 1183 ac
1335 1123 1631 1201 regularis
1680 1121 2034 1202 disciplinae
2084 1120 2359 1193 solicitus
2406 1128 2825 1192 conseruator3

473 1232 736 1314 praefuit
795 1231 974 1292 annis
1028 1228 1145 1301 15,
1212 1228 1530 1289 mensibus
1576 1227 1656 1299 8,
1718 1228 1939 1289 diebus
1994 1226 2118 1298 20,
2186 1228 2313 1288 iura
2382 1226 2826 1307 libertatesque

478 1339 832 1402 monasterii
882 1343 1130 1398 strenue
1181 1335 1529 1401 defensans.

1365 1507 1485 1575 14.
1574 1507 1933 1575 Ernesti&

481 1655 760 1717 decimus
805 1658 1050 1733 quartus
1099 1652 1284 1715 abbas
1331 1650 1490 1712 Hirs.
1542 1650 1785 1731 eligitur
1830 1667 1989 1711 anno
2042 1647 2233 1714 1231.
2300 1649 2405 1748 Vir
2448 1657 2833 1721 mansuetus,

477 1763 648 1843 pius,
715 1760 1037 1839 religiosus
1098 1767 1161 1822 et
1219 1758 1517 1837 regularis
1576 1758 1979 1820 institutionis
2021 1757 2399 1819 arctissimus
2444 1758 2835 1827 obseruator-3

479 1867 744 1946 praefuit
789 1867 971 1927 annis⁴
1019 1862 1121 1936 13,
1167 1858 1484 1927 mensibus
1532 1861 1595 1931 2,
1638 1862 1859 1924 diebus
1910 1863 1968 1925 7.
2104 1896 2113 1903 ·

1348 2036 1466 2114 ‚15-
1563 2034 1976 2125 Volpolokm
2098 2008 2108 2013 ’

484 2182 672 2246 abbas
735 2178 836 2248 15.
885 2178 1048 2243 Hirs.
1097 2180 1543 2259 eligitur‚anuo
1596 2177 1786 2243 1245.
1832 2179 1953 2241 Vir·
1974 2178 2225 2259 quidem
2262 2179 2323 2259 in
2352 2170 2423 2239 s'e
2451 2178 2669 2267 honus,
2720 2176 2835 2239 sed

481 2306 696 2370 parum
743 2285 1055 2387 eruditus,
1119 2289 1234 2357 sub
1281 2304 1402 2367 quo
1449 2286 1657 2348 l'e'ruor
1700 2286 2075 2348 monasticae
2120 2284 2435 2365 religionis
2482 2284 2835 2347 claudicare

481 2398 720 2475 coepit3
766 2392 1028 2473 praefuit
1071 2393 1242 2455 annis
1293 2392 1400 2466 20,
1448 2393 1769 2455 mensibus
1798 2389 1859 2465 4,
1910 2392 2124 2455 diebus
2152 2390 2325 2471 2341

487 2579 634 2679 [ποι.
647 2548 804 2643 nia]
1097 2564 1104 2569 ’
1371 2519 1503 2643 16.
1592 2536 1949 2633 ἆοήαηὴω·

492 2710 595 2779 16.
633 2710 830 2774 abbas
867 2708 1028 2793 Hirs.
1071 2711 1314 2789 eligitur
1351 2730 1513 2776 anno
1564 2710 1754 2777 1265.
1786 2738 1791 2743 ·
1839 2712 1945 2773 Vir
1982 2710 2283 2771 honestae
2330 2707 2839 2777 conuersationis,

487 2819 590 2900 qui
639 2812 1082 2879 claudicantem
1137 2816 1432 2894 regularis
1495 2816 1923 2878 obseruantiae
1972 2812 2357 2907 disciplinam
2400 2820 2642 2893 paratus
2690 2813 2839 2874 soli-

489 2924 668 3005 dare,
715 2936 950 3003 parum·
977 2923 1351 3000 praeualuit;
1395 2922 1654 3004 praefuit
1696 2923 1871 2984 anuis
1906 2920 2005 2994 11,
2036 2922 2360 2983 mensibus
2388 2918 2446 2992 3,
2480 2919 2695 2982 diebus
2729 2918 2834 2983 15.

1381 3096 1489 3165 17.
1588 3097 1941 3183 Volmdua

496 3242 598 3306 17.
647 3242 838 3302 abbas
885 3239 1045 3303 Hirs.
1093 3241 1333 3319 eligitur
1367 3230 1525 3302 anno
1569 3240 1759 3309 1276.
1810 3244 1918 3307 Vir
1950 3242 2227 3304 laborum
2268 3235 2611 3319 impatiens,
2650 3239 2841 3297 mori·

493 3347 620 3409 hus
648 3349 1248 3420 viuensiuuentutis,
1281 3348 1542 3428 praefuit
1578 3368 1701 3411 non
1739 3353 1885 3413 satis
1922 3350 2177 3430 prouida
2212 3351 2388 3412 annis
2424 3345 2486 3420 3,
2520 3344 2841 3435 mensibus

490 3448 574 3524 4,
629 3452 848 3521 diebus
877 3439 975 3524 '9‚
1023 3470 1228 3515 curam
1253 3456 1619 3533 regiminis,
1669 3459 1767 3519 cui
1812 3458 2013 3519 minus
2057 3457 2283 3518 vtiliter
2324 3460 2636 3537 praeerat,
2696 3468 2841 3512 cum

491 3558 1016 3623 administratione
1061 3556 1377 3631 abbatialis
1417 3559 1735 3651 ‘dignita-tis
1781 3562 1845 3623 in
1894 3578 2107 3649 manus
2150 3560 2403 3624 fratrum
2446 3560 2793 3637 resignans.

1323 3793 1332 3801 ‚
1430 3717 1549 3784 18.
1644 3716 1898 3806 Crafto

503 3856 607 3924 18.
654 3860 838 3922 abbas
883 3850 1048 3922 Hirs.
1100 3812 1342 3941 eligitur
1387 3880 1548 3924 anno
1600 3860 1804 3934 1280,
1850 3863 2035 3941 patria
2074 3838 2346 3945 Saeuus,
2394 3849 2623 3939 genere
2668 3857 2845 3920 nobi-

496 3962 768 4069 lia-sea
799 3965 1082 4031 virtutum
1129 3967 1402 4028 claritate
1450 3968 1728 4039 nobilior,
1774 3970 1893 4030 vita
1930 3968 2156 4046 probus
2194 3972 2257 4027 et
2290 3966 2529 4043 integer
2576 3964 2847 4026 moribus

497 4069 895 4151 placidusque
945 4073 1418 4143 conuersatione
1438 4116 1455 4143 ,
1512 4074 1619 4152 qui
1674 4073 1903 4153 lapsam
1950 4072 2273 4151 religionis,
2308 4071 2683 4131 monasticae
2732 4070 2846 4131 oh-

497 4180 867 4241 seruantiam
898 4179 1154 4257 ,erigere
1201 4186 1452 4243 conatus
1473 4225 1489 4252 ‚
1520 4197 1749 4273 ,parum
1793 4180 2153 4261 praeualuit;
2216 4177 2481 4257 praefuit
2514 4178 2687 4241 annis
2740 4176 2845 4242 13.

499 4280 716 4345 diebus
761 4278 866 4347 20.
1534 4282 1539 4287 ’
2038 4276 2045 4283 ’
