3009 5009
1401 326 1439 391 3

255 502 527 566 edificari
564 506 832 567 ecelesia
863 506 1054 567 saneti
1075 504 1325 575 Aurelii,
1356 523 1516 566 anno
1554 522 1701 567 vero
1732 504 1765 583 ΙΙ
1790 506 2115 567 millesimo
2146 522 2281 585 sep·
2320 512 2453 579 [rol.
2482 510 2599 581 ab]

250 610 594 688 tuagesimo
652 612 848 689 primo
899 616 1318 673 consummata
1379 617 1474 672 est
1522 616 1585 671 et
1639 608 1836 689 pridie
1883 628 2079 673 nonas
2137 612 2519 691 septembres
2566 630 2599 675 a

252 714 538 775 Heinrico
567 714 843 793 Spirensi
877 716 1168 794 episcopo
1203 714 1502 777 dedicata.
1562 712 1771 777 Missis
1804 718 1988 777 etiam
2028 716 2243 795 legatis
2281 714 2359 778 ad
2397 734 2600 779 mona-

251 822 506 881 sterium
553 822 990 893 solitariorum,
1040 821 1202 901 quod
1246 822 1569 903 vulgariter
1611 820 1965 884 Einsidelen
2009 821 2269 895 dicitur,
2318 822 2601 886 abbatem

251 910 395 987 cum
443 926 804 1007 quibusdam
851 927 1134 989 fratribus
1183 930 1549 1008 impetrauit.

639 1100 704 1166 1.
775 1080 1201 1167 Dedomno
1247 1072 1618 1168 mci-mco
1658 1101 1889 1189 primo
1934 1099 2198 1167 abbate.

422 1245 598 1305 Anno
645 1244 970 1305 millesimo
1021 1246 1407 1323 sexa-gesimo
1469 1244 1678 1335 quinto
1738 1244 1933 1323 pridie
1999 1262 2190 1305 nonas
2238 1242 2601 1307 decembres

245 1346 599 1411 Fridericus'
629 1352 818 1413 ahba's
858 1368 998 1411 cum
1029 1349 1385 1430 quibusdam
1423 1348 1701 1411 fratribus
1744 1346 2012 1420 aduenit,
2062 1350 2163 1429 qui
2210 1349 2600 1413 venerandus

255 1456 342 1516 vir
373 1452 723 1516 'secundum
751 1455 956 1517 seculi
997 1455 1351 1534 dignitatem
1391 1472 1464 1517 ex
1510 1456 1793 1535 ingenuis
1840 1455 2190 1534 parentibus
2240 1454 2316 1517 de
2364 1456 2602 1519 Sueuo-

246 1578 381 1622 rum
429 1568 616 1641 gente
661 1562 960 1642 originem
1009 1562 1194 1625 duxit.
1273 1560 1587 1624 Mediocri
1637 1568 1859 1623 statura
1904 1568 2064 1633 erat,
2115 1580 2232 1643 que
2282 1581 2403 1625 nec
2446 1564 2601 1625 mul-

248 1674 374 1730 tum
411 1667 618 1730 breuis
657 1687 774 1730 nec
814 1670 962 1731 satis
1003 1663 1182 1749 lon'ga
1218 1668 1545 1739 videretur,
1594 1669 1655 1728 in
1693 1668 1852 1729 facie
1886 1668 2145 1748 plenus,
2179 1687 2434 1749 corpore
2474 1678 2605 1733 erat

248 1775 568 1847 robustus,
636 1789 757 1839 nec
803 1782 1012 1839 tamen
1067 1775 1320 1837 nimium
1380 1790 1663 1846 crassus,
1696 1774 1957 1853 *capillis
2020 1774 2361 1855 subnigris,
2426 1778 2601 1839 canis

251 1880 582 1960 aliquantis
634 1880 1013 1953 intermixtis,
1058 1881 1260 1959 capite
1305 1881 1369 1941 in
1415 1880 1669 1941 circuitu
1718 1880 2016 1961 capillato.
2084 1878 2197 1942 Hic
2242 1880 2491 1943 lectioni
2542 1890 2604 1945 et

249 1987 508 2049 orationi
557 2002 806 2065 operam
854 1984 1065 2065 dabat,
1129 1986 1349 2067 vigiliis
1401 1991 1464 2047 et
1507 1985 1749 2047 ieiuniis
1804 1985 2159 2065 frequenter
2207 1986 2601 2060 inseruiebat,

245 2094 601 2173 vagationes
637 2098 700 2153 et
729 2091 1023 2153 secularia
1053 2094 1327 2171 negocia,
1378 2091 1783 2172 quequidam
1811 2090 2083 2171 flagranti
2122 2094 2325 2157 animo
2370 2092 2600 2173 ample·

248 2205 510 2270 ctuntur,
537 2199 981 2277 postponebat,
1033 2204 1094 2259 et
1141 2197 1617 2277 contemplatiue
1650 2198 1769 2259 vite
1802 2195 2133 2259 dulcedine
2166 2196 2599 2260 delectabatur.

255 2306 326 2365 ln
381 2310 612 2369 tantum
661 2312 864 2371 autem
917 2302 1250 2379 humilitate
1298 2311 1357 2365 et
1405 2303 1707 2383 spirituali
1746 2304 2156 2382 occupatione
2199 2303 2501 2382 pollebat,
2544 2312 2607 2367 vt

249 2410 663 2489 scriptorium
695 2410 856 2469 inter
901 2409 1054 2470 alios
1103 2409 1432 2488 scriptores
1477 2409 1715 2471 'habere
1770 2407 2178 2487 perhibeatur.
2226 2408 2603 2490 'Pauperum

245 2520 396 2576 vero
459 2532 666 2578 curam
719 2514 846 2575 tam
904 2511 1130 2575 deuote
1188 2507 1539 2597 exhibebat,
1598 2516 1661 2576 rt
1726 2530 1799 2575 ex
1863 2513 1989 2585 his,
2052 2532 2169 2594 que
2216 2513 2277 2575 in
2324 2516 2601 2595 proprios

247 2638 397 2685 vsus
447 2628 790 2692 cesserant,
849 2638 966 2681 nec
1031 2640 1155 2681 non
1214 2639 1284 2681 ex
1339 2622 1649 2683 communi
1712 2620 1960 2683 fratrum
2006 2622 2167 2683 victu
2213 2638 2325 2683 seu
2379 2624 2601 2685 vestitu

249 2734 543 2808 quantum
591 2729 955 2807 suppetebat
1001 2728 1382 2810 subtraheret
1419 2736 1482 2790 et
1517 2727 1921 2809 indigentium
1968 2730 2175 2807 inopie
2224 2728 2595 2791 subueniret.

248 2833 524 2896 Habebat
587 2840 792 2894 autem
857 2824 1184 2895 duodecim
1243 2834 1458 2896 fratres
1518 2840 1752 2908 tantum
1798 2834 1911 2895 sub
1962 2835 2057 2893 sui
2106 2851 2247 2895 cura
2290 2835 2601 2914 regiminis

245 2960 360 3021 per
420 2940 780 3013 constitutas
838 2958 1128 3003 annonas.
1225 2931 1324 3002 Hii
1374 2941 1619 3022 quidem
1668 2944 1881 3003 subtus
1912 2942 1941 3021 Η
1976 2941 2260 3013 cucullis,
2318 2950 2453 3015 [Ful.
2486 2948 2601 3017 aa]

249 3048 522 3126 desuper
567 3042 770 3125 cappis
809 3048 1148 3120 utebantur.
1225 3046 1350 3109 Sed
1391 3048 1733 3111 electorum
1774 3048 1889 3110 vita
1934 3048 2093 3109 sicut
2130 3047 2265 3109 aliis
2314 3055 2411 3111 est
2447 3048 2601 3111 odor

243 3156 368 3216 vite
408 3154 468 3213 in
507 3153 708 3243 vitam,
756 3154 836 3214 ita
879 3154 1240 3233 plerumque
1288 3152 1353 3216 fit
1398 3155 1533 3216 aliis
1582 3154 1734 3216 odor
1778 3155 1986 3215 mortis
2028 3155 2089 3216 in
2131 3162 2407 3227 mortem,
2456 3156 2597 3235 quia

246 3260 414 3321 unde
443 3260 559 3337 piis
605 3261 946 3339 exemplum
984 3260 1129 3321 boni
1169 3262 1372 3341 operis
1417 3259 1717 3332 tribuunt,
1776 3260 1929 3339 -inde
1978 3278 2127 3341 sepe
2176 3262 2447 3326 maliuoli
2494 3278 2597 3323 oc-

247 3369 564 3428 casionem
599 3367 976 3429 obtrectandi
1015 3370 1338 3448 accipiunt.
1401 3369 1577 3431 Vnde
1618 3376 1681 3431 et
1716 3369 1859 3430 huic
1903 3369 2081 3431 beato
2127 3370 2254 3432 viro
2301 3372 2594 3449 quietem,

245 3489 433 3552 quam
478 3474 538 3531 in
583 3454 821 3533 Christo
869 3466 1094 3533 habere
1141 3476 1453 3553 cupiebat,
1501 3492 1623 3535 non
1673 3474 1923 3553 spiritali
1972 3474 2299 3539 exercicio.
2350 3472 2461 3535 sed
2508 3474 2597 3550 ig-

245 3580 428 3641 nauie
477 3585 560 3640 et·
585 3577 820 3640 desidie
866 3564 1254 3640 ascribebant
1285 3579 1526 3657 quidam
1565 3578 1642 3638 de
1680 3572 2267 3657 fratribus‚‘quippe
2308 3578 2407 3657 qui
2446 3577 2597 3649 nihil

199 3701 462 3751 „eorum
510 3687 907 3749 exterioribus
954 3685 1302 3747 vtiiitatibus
1349 3678 1727 3763 prouideret,
1795 3682 1903 3744 sed
1946 3684 2127 3745 inerti
2166 3692 2401 3747 tantum
2454 3678 2595 3745 ocio

246 3798 549 3853 vacasset.
621 3791 780 3865 Qua
849 3790 925 3852 de
985 3760 1170 3853 eausa·
1229 3793 1498 3851 animum
1538 3790 1805 3851 comitis
1853 3791 1915 3851 in
1974 3792 2208 3853 tantum
2251 3792 2339 3853 illi
2402 3789 2595 3852 offen-

246 3913 387 3957 sum
420 3894 778 3967 reddebant,
825 3902 904 3967 vt,
945 3898 998 3957 si
1037 3896 1232 3975 aliqua
1275 3913 1457 3957 causa
1494 3894 1827 3956 excusabili
1861 3897 2223 3974 preualeret‚
2270 3897 2441 3958 illum
2466 3898 2592 3959 iam

243 4000 326 4064 de
375 4003 731 4063 monasterii
777 4002 1072 4080 regimine
1121 4000 1477 4081 depulisset.
1546 4001 1734 4081 igitur
1776 4001 2113 4063 deliberato
2162 3996 2417 4065 consilio
2463 4020 2591 4067 ma-

245 4100 459 4174 culamss
509 4106 787 4167 adulterii
855 4106 939 4167 illi
1006 4108 1385 4187 impingunt,
1441 4112 1500 4169 vt
1557 4109 1633 4169 ob
1700 4107 1857 4168 hanc
1922 4106 2231 4181 infamiam
2293 4108 2453 4170 iusta
2520 4126 2593 4170 ex

245 4228 438 4273 causa
487 4209 802 4292 depositus
851 4228 884 4273 a
931 4212 1111 4291 plebe
1157 4213 1538 4278 iudicaretun
1606 4210 1845 4274 Reuera
1888 4218 2090 4273 autem
2126 4213 2289 4274 nulla
2316 4215 2380 4293 in
2406 4212 2589 4283 facto,

243 4324 310 4379 vt
349 4323 567 4395 postea
605 4317 812 4395 patuit,
863 4318 1084 4380 veritas
1122 4317 1260 4389 fuit3
1311 4318 1423 4379 sed
1469 4299 1609 4399 quia
1656 4320 1746 4379 vir
1788 4317 2041 4378 humilis·
2076 4324 2138 4379 et
2174 4318 2413 4397 quietus
2456 4312 2585 4386 ruit,

243 4423 450 4515 minus
499 4408 718 4483 actuali
767 4422 884 4483 vite
929 4421 1258 4484 intendens
1303 4424 1625 4503 minusque
1674 4440 1744 4483 se
1800 4424 1864 4482 in
1906 4421 2191 4499 pastorali
2238 4418 2587 4483 austeritate

2085 4526 2108 4573 ¹
2131 4522 2163 4557 0
