3009 5009
1622 297 1701 363 ¹6

473 480 720 554 propter
766 474 1068 536 maliciam
1115 474 1406 552 temporis
1455 480 1518 535 et
1554 473 1871 536 bominum
1918 474 2341 538 labescentem
2376 476 2669 555 regularis
2720 476 2829 536 ob-

477 580 820 643 seruantiae
857 577 1266 657 disciplinam,
1305 578 1445 657 quia
1473 579 1781 641 sustinere
1810 598 1932 641 non
1963 582 2175 660 potuit,
2210 580 2443 643 aridam
2473 570 2831 659 dereliquit;

477 684 731 763 praefuit
763 685 935 745 annis
963 675 1072 757 20,
1109 681 1428 744 mensibus
1463 681 1573 755 10,
1624 682 1845 746 diebus
1876 680 1980 755 20,
2012 686 2447 749 monasterium
2476 686 2832 765 relinqu-ens

463 807 620 851 aere
651 792 797 852 satis
829 797 1148 867 grauatum
1175 790 1396 853 alieno.

1333 936 1460 1028 25.
1556 960 1961 1052 Gotrfridm

369 1147 380 1156 -
477 1106 658 1166 huius
701 1105 974 1176 nominis
1013 1102 1344 1175 secundus,
1393 1102 1498 1171 25.
1532 1104 1723 1167 abbas
1750 1104 1915 1168 Hira.
1946 1105 2189 1183 eligitur
2215 1122 2373 1167 anno
2406 1103 2577 1171 1380
2608 1102 2675 1185 ¹).
2724 1105 2833 1165 Vir

451 1206 854 1282 'mansuetum
903 1212 1062 1289 pius,
1101 1209 1400 1289 pacificus
1435 1217 1499 1272 et
1540 1211 1803 1290 quietus.
1869 1208 1985 1271 Hic
2014 1212 2449 1276 monasterium
2480 1213 2541 1272 in
2572 1218 2829 1291 Vtroque

479 1324 634 1380 statu
683 1314 1115 1377 miserabiliter
1161 1316 1524 1377 suffocatum
1570 1316 1906 1395 reperiens,
1956 1316 2218 1378 libenter
2255 1323 2545 1395 quantum
2581 1318 2645 1377 in
2690 1318 2831 1395 ipso

476 1424 696 1495 fuerat,
745 1424 1068 1495 erexissem
1112 1440 1324 1485 verum
1373 1425 1659 1502 quoniam
1698 1425 1858 1485 vires
1906 1422 2190 1494 deerant,
2240 1443 2376 1484 non·
2414 1422 2577 1503 quod
2618 1424 2831 1495 voluit,

477 1529 592 1591 sed
663 1528 824 1609 quod
887 1529 1112 1607 potuit,
1180 1527 1354 1603 ἱρείη
1417 1528 1675 1610 praefuit
1738 1546 1955 1607 magna
2019 1530 2408 1593 solicitudine
2466 1538 2529 1591 et
2582 1532 2831 1601 malicia

479 1637 774 1715 temporis
813 1636 988 1695 annis
1029 1632 1089 1705 9,
1139 1636 1452 1697 mensibus
1489 1635 1551 1707 2,
1602 1632 1819 1696 diebus
1870 1634 1971 1704 15.

1321 1793 1446 1874 26.
1546 1778 1981 1897 Wiqfiardm

478 1948 694 2010 tertius
749 1948 930 2010 huius
985 1949 1286 2021 nominis,
1352 1946 1460 2014 26.
1510 1950 1734 2023 abbas,
1802 1950 2047 2029 eligitur
2103 1968 2263 2012 anno
2312 1948 2513 2014 1389.
2608 1950 2717 2013 Vir
2761 1952 2823 2011 in

479 2054 736 2133 agendis
801 2056 988 2115 rebus
1053 2055 1492 2133 temporalibus
1558 2054 2054 2117 accommodatus
2120 2062 2179 2117 et
2243 2055 2575 2149 prouidus,
2644 2062 2833 2135 atque

480 2160 824 2223 secundum
877 2162 1076 2223 seculi
1125 2160 1476 2240 dignitatem
1505 2161 1901 2249 magnificus.
1986 2160 2422 2228 Monasterium
2456 2170 2525 2224 τι
2584 2164 2833 2241 reperit,

485 2267 550 2328 in
595 2275 848 2347 Vtroque
897 2270 1059 2329 statu
1107 2266 1464 2341 distractum
1512 2266 1757 2345 reliquit
1778 2276 1805 2337 ;’
1840 2266 2101 2346 praefuit
2142 2267 2315 2336 annis
2371 2266 2468 2329 11.
2508 2282 2515 2287 ·

1343 2439 1462 2507 27.
1557 2438 1974 2505 malaricus

489 2558 671 2643 buius
697 2582 964 2643 nominis
987 2581 1316 2655 secundus„
1347 2582 1454 2645 27.
1487 2583 1679 2643 abbas
1710 2578 1871 2645 Hira.
1912 2582 2156 2660 eligitur
2194 2601 2355 2645 anno
2399 2578 2587 2647 1400.
2636 2582 2835 2646 Patria

489 2690 755 2759 Suetius,
799 2689 920 2751 vita
967 2696 1030 2751 et
1075 2690 1344 2756 moribus
1379 2689 1678 2767 maturae,
1726 2690 2081 2767 temporalia
2112 2695 2191 2752 -ct
2238 2687 2565 2768 spiritualia
2612 2689 2839 2752 vtiliter

482 2794 882 2879 dispensans,
933 2811 1006 2857 ac
1053 2795 1429 2858 subditorum
1475 2798 1657 2857 vitam
1690 2795 1766 2857 ad
1806 2796 2104 2874 regularis
2150 2814 2431 2865 normam
2462 2794 2835 2874 disciplinae

487 2903 824 2980 corrigens.
890 2900 1132 2982 Quippe
1181 2904 1284 2983 qui
1329 2904 1390 2964 in
1443 2902 1707 2964 concilio
1756 2902 2199 2969 constantiensi
2243 2901 2651 2982 personaliter
2688 2920 2837 2963 con-

485 2991 730 3083 stitutus
797 3008 1056 3067 multum
1119 3026 1226 3085 pro
1292 3006 1568 3077 libertate
1632 3006 1987 3095 monasterii
2056 3005 2507 3081 conseruanda,
2562 3009 2835 3077 maxime

483 3114 933 3175 contumaciam
1001 3120 1064 3174 ct
1127 3111 1610 3191 inobedientiam
1673 3113 1920 3174 fratrum
1985 3113 2047 3173 in
2110 3112 2267 3175 Roth
2324 3121 2386 3177 et
2439 3112 2837 3175 flichenbach

482 3216 996 3321 compessendam
1046 3209 1363 3279 laborauit.
1459 3216 1723 3279 Pracfuit
1770 3219 1947 3279 annis
1993 3216 2117 3282 28.
2418 3225 2423 3229 “

484 3400 624 3466 [ποι.
643 3400 800 3466 aab]
989 3357 999 3364 ’
1145 3346 1148 3349 ’
1319 3388 1448 3458 28.
1499 3388 1987 3479 Wolframm

485 3535 688 3597 dictus
717 3498 998 3613 Meyser,
1039 3531 1144 3601 28
1173 3536 1372 3603 abbas
1408 3534 1569 3599 Hirs.
1610 3536 1852 3629 eligitur
1896 3529 2057 3597 anno
2097 3530 2287 3599 1428.
2338 3532 2530 3597 Patria
2558 3480 2835 3608 Saeuus,

485 3657 716 3721 genere
765 3640 1017 3712 nobilis,
1067 3659 1142 3701 ex
1184 3642 1498 3719 parentela
1534 3624 1781 3721 Meyser
1816 3649 2039 3702 ortum
2054 3640 2308 3713 ducens,
2344 3642 2445 3703 uir
2488 3639 2837 3701 secundum

484 3746 684 3809 seculi
731 3747 1224 3809 aestimationem
1279 3764 1314 3808 a
1370 3748 1645 3826 pluribus
1691 3748 2072 3819 obseruatus.
2156 3744 2273 3809 Hic
2316 3754 2458 3827 post
2500 3746 2837 3815 basiliense

487 3849 818 3913 concilium
837 3894 855 3920 ,
905 3850 1005 3909 cui
1049 3849 1451 3928 personaliter
1496 3850 1801 3923 interfuit,
1852 3849 2263 3913 Melicensem·
2306 3852 2501 3931 primo
2521 3895 2539 3923 ,
2606 3848 2835 3911 deinde

487 3952 1015 4019 Burstfeldensem
1058 3953 1555 4017 reformationem
1592 3954 2015 4031 introducens,
2064 3957 2363 4037 regularis
2402 3958 2835 4019 obseruantiae

487 4062 672 4127 vitam
737 4063 1072 4123 instaurare
1141 4058 1583 4132 contendebam
1646 4059 1759 4122 fuit
1815 4054 2031 4124 autem*
2070 4066 2193 4127 vita
2250 4072 2313 4127 et
2360 4066 2835 4125 conuersatione

638 4238 691 4299 1)
741 4212 1214 4303 Randbemerkung
1251 4234 1344 4285 des
1385 4236 1558 4286 Codex
1595 4251 1696 4287 von
1746 4238 1967 4291 anderen·
2018 4236 2150 4288 alter
2199 4238 2375 4289 Hand.
2431 4240 2547 4301 ejus
2594 4244 2837 4306 tanquam

489 4326 689 4377 abbatis
726 4328 786 4377 nt
821 4325 1036 4377 mentio
1049 4324 1190 4377 1368
1227 4340 1288 4375 zu
1329 4323 1611 4375 stamheim
1652 4329 1704 4374 et
1745 4322 1881 4375 1376
1916 4341 1978 4375 zu
2017 4323 2299 4393 Wildbad,
2340 4327 2441 4377 erit
2478 4342 2605 4392 crgo
2644 4324 2697 4376 in
2721 4324 2838 4379 Ιιοο

488 4412 690 4463 libro.-
663 4413 954 4479 -upputatio
991 4412 1150 4464 falsa.
1796 4436 1803 4443 ·
2220 4444 2224 4447 «
2372 4442 2379 4447 -

2986 2178 2989 2185 .
