3009 5009
1375 286 1418 355 9

225 463 503 526 Ostiensi
549 462 858 542 episcopo,
907 464 1174 542 septimo
1220 463 1334 527 hal.
1361 460 1649 526 danuam
1694 461 2011 525 ordinatus
2056 470 2173 527 est.
2254 462 2369 526 llic
2414 464 2579 527 mitis
2686 450 2697 465 '

227 578 292 633 et
355 568 606 631 timidus
661 569 846 630 bomo
907 575 1041 630 erat
1095 576 1158 632 et
1221 588 1293 632 ex
1353 570 1483 649 ipsa
1543 576 1755 631 natura
1818 577 2197 633 mansuetus.
2310 571 2578 649 Corpore

223 674 474 756 quidem
505 676 534 751 ΙΙ
564 672 888 735 imbecillis
917 673 1060 747 ruit3
1108 674 1220 736 sed
1263 682 1513 755 propter
1534 674 1746 737 ‘fratris
1774 676 2231 756 amicorumque
2274 680 2422 746 [Ful.
2460 678 2579 746 ει]

225 778 568 842 subsidium
617 796 758 839 eum
805 796 990 860 quam
1035 766 1290 842 maxime
1341 781 1569 859 eligere
1602 780 2013 853 'studueruut,
2075 787 2136 843 vt
2180 782 2237 842 si
2283 776 2427 860 quid
2476 778 2581 841 ad—

223 888 394 947 uersi
434 885 510 946 ab
551 888 858 966 episcopo
895 887 1174 949 obortum
1220 887 1470 959 fuisset,
1522 888 1593 949 ab
1626 886 1721 947 his
1748 886 2025 949 destrui
2049 888 2377 966 potuisset.
2428 884 2583 945 Nam

225 989 408 1053 frater
459 992 596 1051 eius
641 992 730 1052 vir
787 998 1011 1070 potens
1069 1000 1196 1055 erat
1251 994 1410 1055 inter
1455 990 1871 1071 Sueuigenas,
1940 988 2017 1052 de
2076 1008 2332 1071 quorum
2392 991 2581 1069 stirpe

227 1092 659 1157 descenderat.
722 1096 921 1159 Virilis
955 1102 1184 1159 stature
1232 1102 1391 1167 erat,
1435 1095 1817 1159 recaluester
1864 1100 1927 1155 et
1974 1097 2207 1157 canicie
2252 1111 2577 1174 respersus

227 1208 427 1279 caput.
520 1198 668 1273 Que·
706 1200 1084 1280 disponenda
1143 1203 1202 1263 in
1256 1202 1629 1263 monasterio
1688 1208 1894 1273 erant,
1959 1203 2241 1263 maxime·
2273 1218 2394 1289 ‘per
2438 1200 2580 1263 sub-

228 1306 490 1367 ditorum
535 1305 894 1367 industriam
941 1306 1324 1387 gerebantur.
1389 1306 1542 1367 Nam
1578 1305 1849 1385 pondera
1888 1306 2255 1368 secularium
2292 1307 2581 1386 negocio·

227 1430 362 1479 rum
382 1412 566 1473 homo
586 1414 826 1498 quietus
847 1415 1053 1475 animo
1080 1411 1240 1475 ferre
1271 1432 1392 1473 non
1421 1419 1675 1492 poterat.
1714 1410 1788 1475 Et
1812 1412 2091 1493 quamuis
2122 1421 2331 1475 natura
2356 1410 2581 1473 nobilis

229 1524 432 1589 esset,
480 1518 565 1578 nil
592 1526 792 1580 tamen
823 1520 888 1579 in
911 1518 1258 1583 habituve}
1293 1520 1517 1581 vestitu
1546 1519 1903 1597 arrogancie
1944 1520 2305 1580 ostentabat.
2355 1516 2585 1579 Prefuit

227 1624 401 1693 annis
449 1624 948 1704 quatuordecim,
995 1626 1312 1687 mensibus
1357 1625 1579 1697 tribus,
1628 1623 1847 1687 diebus
1884 1624 2093 1705 viginti
2132 1623 2393 1689 duobus.
2462 1620 2583 1685 Mi-

234 1731 436 1809 grauit
473 1728 550 1791 de
588 1729 706 1791 hoc
745 1730 962 1796 seculo
1006 1730 1078 1792 X.
1119 1731 1234 1791 kal.
1283 1730 1528 1809 Aprilis.

927 1903 1002 1967 5.
1090 1901 1207 1970 Dc
1255 1900 1577 1969 Volmaro
1625 1900 1889 1969 abbate.

410 2042 590 2103 Anno
635 2040 964 2107 millesimo
1021 2046 1360 2107 centesimo
1387 2045 1681 2107 vicesimo
1730 2044 2112 2107 constituitur
2148 2041 2411 2105 domnus
2448 2044 2582 2106 1201-

234 2165 446 2209 marus
493 2166 804 2211 consensu
849 2149 1050 2211 tocius
1095 2152 1611 2231 congregationis.
1692 2150 1940 2213 Electus
1988 2156 2087 2212 est
2140 2158 2345 2213 antem
2388 2152 2584 2213 tercio

233 2252 336 2315 die
383 2259 522 2331 post
568 2252 911 2317 discessum
957 2258 1370 2317 antecessoris
1417 2256 1543 2327 sui,
1604 2262 1667 2317 et
1710 2261 2103 2317 consecratur
2146 2252 2339 2334 pridie
2386 2274 2583 2319 nonas

231 2358 454 2437 apriles
504 2359 578 2419 ab
622 2358 996 2422 Adalbertho
1055 2358 1412 2441 Moguutino
1457 2338 1921 2441 archiepiscopo
1966 2361 2027 2421 in
2076 2360 2343 2423 ecclesia
2389 2364 2584 2425 sancti

231 2466 450 2531 Albani
497 2464 862 2547 Meg-uncie.
929 2467 1046 2531 Hic
1083 2467 1569 2533 .de.Sueuorum
1614 2486 1843 2547 genere
1892 2475 2059 2531 ortus
2119 2467 2263 2540 fuit,
2329 2482 2585 2546 precere

233 2579 461 2634 stature
509 2576 598 2635 vir
641 2592 862 2652 magne
908 2573 1248 2653 prudencie
1297 2582 1359 2637 et
1405 2575 1567 2637 clare
1616 2575 1999 2655 eloquencie.
2074 2574 2189 2635 Hic
2234 2580 2357 2636 tam
2400 2590 2583 2637 secu·

231 2678 454 2739 laribus
501 2693 678 2758 quam
726 2678 1454 2759 spiritalibustimendus
1503 2679 1839 2743 videbatur.
1902 2680 2029 2753 Sub
2065 2679 2185 2740 hoc
2230 2697 2333 2741 res
2376 2690 2585 2743 mona·

237 2785 402 2845 sterii
450 2786 600 2846 satis
645 2791 792 2845 sunt
839 2785 1116 2864 ampliate
1163 2794 1284 2847 tam
1331 2788 1394 2847 in
1441 2785 1671 2866 prediis
1710 2800 1887 2867 quam
1936 2780 2213 2847 edificiis.
2308 2784 2421 2847 Pro
2476 2787 2585 2849 vti-

237 2890 502 2953 litatibus
551 2892 904 2952 monasterii
951 2892 1174 2953 multos
1221 2891 1462 2955 labores
1512 2909 1663 2973 sepe
1710 2888 2068 2971 pertulerat.
2129 2890 2365 2967 ,Prefuit
2408 2894 2587 2955 annis

234 2998 474 3078 triginta
521 3015 648 3070 sex,
699 2998 972 3077 exceptis
1011 3004 1150 3060 octo
1189 3001 1571 3077 septimanis.
1641 2997 1871 3072 Quinto
1917 2995 2039 3063 kal.
2068 2998 2355 3060 Februar.
2394 2999 2587 3078 prima

235 3104 440 3183 vigilia
489 3104 688 3165 noctis
739 3103 814 3165 de
863 3102 980 3166 hac
1025 3106 1140 3169 vita
1181 3106 1479 3185 migrauit.
1544 3105 1903 3170 Tumulatur
1944 3105 2005 3167 in
2054 3105 2271 3166 maiori
2318 3105 2587 3168 ecclesia

235 3219 378 3273 ante
443 3211 630 3273 altare
681 3212 878 3274 sancti
923 3210 1259 3277 Michaelis.

909 3383 981 3449 c.
1068 3383 1185 3452 Da
1230 3384 1591 3473 Hertwiyo
1638 3382 1902 3451 abbate.
2280 3393 2421 3459 [Ful.
2459 3350 2589 3461 oq

415 3528 690 3591 Domnus
735 3528 1081 3607 Hertwigus
1143 3528 1208 3588 in
1273 3526 1552 3588 abbatem
1620 3528 1862 3604 eligitur
1920 3527 2023 3589 tali
2086 3543 2393 3587 consensu
2440 3543 2588 3586 con·

239 3635 608 3714 gregationis
628 3677 646 3705 ,
710 3641 772 3695 vt
827 3648 908 3693 ne
963 3649 1116 3719 vnus
1179 3638 1380 3703 esset,
1447 3633 1553 3713 qui
1610 3629 2075 3707 contradiceret.
2150 3629 2283 3691 'llic
2326 3632 2587 3709 primum

237 3736 353 3799 fuit
405 3736 708 3809 decanus,
773 3743 988 3816 postea
1032 3730 1408 3815 prepositus,
1475 3734 1559 3819 de*
1619 3734 1765 3795 hinc
1830 3736 2197 3797 camerarius
2252 3736 2313 3796 in
2368 3738 2588 3803 maiori

240 3842 425 3904 domo
461 3844 774 3923 Spirensis
823 3842 1112 3905 ecclesie.
1167 3843 1416 3905 Electus
1465 3848 1559 3904 est
1601 3849 1809 3904 autem
1850 3842 1994 3921 ipso.
2038 3840 2155 3915 die,
2204 3860 2321 3923 quo
2366 3824 2588 3925 prede·

241 3968 456 4013 cessor
503 3953 638 4012 eius
687 3951 974 4041 decessit,
1021 3951 1211 4030 prima
1255 3949 1400 4011 hora
1451 3948 1593 4025 diei.
1660 3948 1773 4011 Hie
1822 3949 1899 4015 de
1946 3968 2175 4029 genere
2213 3952 2587 4014 Francorum

237 4057 394 4141 fuit.
457 4056 730 4125 sciencia
789 4056 1097 4125 literarum
1145 4046 1354 4120 'clarus
1401 4057 1584 4127 satis,
1648 4055 1915 4117 seculari
1962 4074 2203 4136 quoque
2248 4038 2605 4137 prudencia*

239 4182 370 4225 non
413 4166 618 4231 minus
664 4163 952 4242 pollebat.
1045 4163 1184 4227 Erat
1241 4169 1442 4243 autem
1499 4164 1637 4241 pius
1686 4164 1907 4235 home,
1938 4159 1947 4167 ’
1974 4162 2251 4241 placidus
2297 4165 2584 4225 moribus.

240 4269 356 4331 Hic
385 4269 574 4331 multa
609 4269 808 4342 bona,
854 4270 1207 4348 priusquam
1253 4266 1332 4329 ad
1370 4268 1845 4330 conuersionem
1886 4267 2177 4341 venisset,
2226 4269 2403 4331 nobis
2442 4272 2585 4329 con·

242 4375 402 4439 tulit.
465 4375 616 4437 Cum
660 4392 806 4436 vero
851 4373 1199 4437 secularem
1249 4372 1427 4466 vitam
1471 4372 1869 4453 relinqueret,
1914 4372 1975 4437 in
2006 4373 2166 4436 varia
2194 4370 2585 4453 supellectili,
