3009 5009
1357 1056 1569 1171 [Ιί]

286 1360 642 1451 Sequuntur
709 1361 960 1430 nomina
1029 1357 1482 1453 Episcopomm
1551 1381 1663 1429 seu
1716 1358 2027 1431 Abbatum
2044 1412 2062 1443 ‚
2138 1361 2245 1453 qui
2316 1368 2459 1439 [tot.
2478 1368 2631 1437 fla]

388 1482 467 1551 de
519 1486 740 1555 nostro
796 1493 1108 1554 conuentu
1147 1492 1226 1571 ‘et
1277 1482 1657 1554 monasterio
1714 1482 1793 1553 ad
1847 1483 1967 1553 alia
2018 1484 2157 1553 loca
2210 1482 2339 1553 dati
2388 1492 2553 1555 sunt.

460 1756 738 1819 Domnus
765 1758 1006 1832 Diemo,
1053 1760 1262 1820 martir
1309 1766 1372 1821 et
1413 1758 1953 1837 Archiepiscopus‚
2002 1763 2251 1837 propter
2292 1756 2632 1837 periculum

290 1864 998 1935 excommunicationiss
1063 1878 1182 1942 que
1245 1863 1358 1923 sub
1422 1862 1743 1925 Heinrico
1781 1877 1931 1941 rege
2014 1868 2227 1941 quarto
2292 1862 2451 1923 facta
2515 1869 2629 1934 est,

284 1967 548 2045 primum
594 1967 931 2029 Abhaciam
977 1958 1152 2029 suam
1197 1970 1260 2028 in
1311 1966 1629 2049 'Saltzhurg
1676 1966 2005 2047 dereliquit
2049 1974 2114 2029 et
2156 1978 2301 2048 pro
2308 1950 2633 2031 desiderio

281 2075 404 2136 vite
465 2073 856 2153 perfectioris
917 2076 1357 2136 monasterium
1403 2084 1679 2137 nostrum
1722 2072 1885 2136 adiit.
1976 2072 2195 2137 Postea
2244 2074 2321 2137 ad
2368 2074 2633 2137 eundem

281 2180 490 2243 locum
545 2180 1053 2259 Archiepiscopus
1119 2181 1377 2262 eligitur.
1472 2182 1651 2243 Circa
1713 2178 1902 2241 finem
1960 2198 2105 2243 vero
2164 2180 2283 2243 vite
2330 2198 2445 2242 sue
2492 2198 2633 2241 cum

285 2286 428 2347 aliis
494 2302 680 2365 quam
736 2286 1011 2365 plurimis
1070 2287 1446 2367 principibus
1491 2286 1966 2349 Hierosolimam
2011 2284 2419 2367 proficiscitur
2462 2293 2526 2347 et
2568 2286 2631 2347 in

282 2392 504 2452 itinere
550 2408 585 2452 a
630 2394 875 2471 paganis
924 2398 1134 2472 captus
1183 2392 1344 2452 claro
1391 2393 1676 2472 martyrio
1725 2398 2070 2454 coronatur.

441 2495 892 2583 “Gehehardua
939 2499 1119 2560 irater
1155 2497 1470 2561 Bettholdi
1501 2482 1699 2571 ducis,
1744 2498 1823 2559 ad
1852 2498 2267 2561 Constantiam
2304 2495 2633 2575 episcopus

283 2603 494 2677 datur,
539 2604 628 2665 vir
673 2620 892 2680 magne
941 2604 1275 2664 sanctitatis
1324 2611 1386 2665 et
1431 2604 1832 2677 innocencie,
1882 2596 2057 2665 cuius
2103 2604 2223 2666 vita
2272 2602 2491 2663 eximia
2534 2599 2627 2661 lu·

283 2708 514 2771 culenti
577 2726 868 2779 sermone
916 2708 1226 2787 descripta
1255 2708 1548 2785 habetur.
1638 2708 1781 2789 lpse
1829 2710 2181 2772 auctoritate
2230 2714 2294 2770 et
2336 2713 2630 2787 precepto

284 2813 516 2876 domini
556 2815 718 2893 Pape
757 2814 985 2877 Vrbani
1031 2815 1776 2883 secundi·monasterium
1821 2824 2098 2878 nostrum
2142 2816 2336 2876 maius
2380 2813 2631 2877 Hirsau-

281 2925 505 3002 giense
538 2920 847 3019 deqicauit
873 2921 1214 3001 cellamque
1244 2924 1436 2984 sancti
1465 2922 1762 3002 Gregorii,
1793 2939 1913 3001 que
1940 2920 2333 2983 Richenbach
2362 2920 2629 3000 appella-

283 3036 401 3101 tur,
443 3028 726 3089 similiter
755 3030 1160 3090 consecrauit.
1209 3027 1486 3091 Tandem
1511 3028 1828 3091 virtutibus
1854 3028 2076 3107 plenus
2100 3028 2167 3087 in
2192 3044 2346 3107 pace
2376 3026 2627 3106 quieuit,

281 3135 540 3217 eiusque
586 3135 872 3195 transitus
917 3136 982 3195 in
1027 3134 1298 3213 profesto
1345 3136 1545 3197 sancti
1591 3134 1912 3213 Augustini
1955 3134 2183 3196 festiue
2228 3132 2535 3195 recolitur.

463 3237 903 3311 Gehehardus‚
951 3242 1144 3303 nostri
1191 3241 1547 3301 monasterii
1594 3240 1777 3301 abbas
1799 3286 1815 3313 ,
1882 3238 2059 3318 Spire
2106 3238 2433 3319 episcopus
2481 3256 2629 3300 con·

285 3346 588 3418 stituitur,
654 3349 746 3409 vir
807 3364 1024 3425 magne
1093 3347 1363 3408 sciencie
1427 3353 1490 3408 et
1534 3345 1897 3427 prudencie.

467 3452 796 3531 Dietgerus
868 3454 1130 3530 primum
1196 3453 1382 3513 abhas
1447 3451 1527 3513 ad
1592 3459 1869 3515 sanctum
1938 3449 2267 3527 Georgium
2330 3452 2393 3510 in
2455 3449 2629 3528 nigra

283 3558 434 3620 silva
481 3558 670 3631 datur,
718 3562 932 3637 postca
977 3554 1052 3617 ad
1099 3554 1382 3617 Metense
1431 3558 1851 3634 episcopatum
1874 3544 2149 3632 eligitur.
2175 3548 2278 3635 ¹)‘11

435 3698 490 3762 1)
524 3698 723 3749 zusatz
761 3712 860 3748 von
901 3696 1046 3746 einer
1083 3696 1339 3761 spiitern
1337 3693 1487 3745 Hand
1524 3693 1621 3744 des
1661 3692 1744 3745 16.
1782 3690 2205 3743 Jahn-hundam·

505 3787 550 3835 1.
601 3784 701 3835 nis
741 3783 944 3835 additur
980 3782 1377 3846 Sigismundus,
1415 3782 1474 3833 S.
1515 3780 1714 3831 Aurelii
1750 3778 2052 3855 monachus,
2086 3778 2145 3829 nt
2181 3777 2457 3844 episeopus
2494 3776 2629 3830 nat-

603 3871 976 3923 herstatensis.

499 3961 551 4013 2.
600 3960 970 4025 Bernwardus,
1008 3958 1290 4011 monachus
1329 3958 1386 4009 S.
1425 3956 1645 4024 Aurelii,
1680 3959 1741 4009 nt
1776 3957 2051 4024 episcopus
2088 3954 2508 4025 HerBipoleusie.

499 4050 548 4101 3.
599 4047 975 4113 Reginboldus,
1013 4048 1070 4099 S.
1108 4047 1310 4099 Aurelii
1349 4047 1652 4109 monachus,
1687 4047 1761 4099 nt.
1781 4045 2061 4112 episcopus
2098 4044 2393 4111 Spirensis.

499 4137 549 4188 4.
606 4138 662 4189 S.
703 4136 1015 4200 Theogerus
1051 4136 1112 4187 fit
1146 4137 1306 4188 abbas
1345 4137 1409 4185 ad
1446 4136 1505 4189 S.
1544 4134 1824 4200 Georgium
1862 4135 1916 4185 in
1954 4134 2109 4200 nigra
2144 4134 2309 4200 silva,
2354 4136 2413 4185 ne
2445 4133 2627 4185 deinde

605 4224 883 4291 episcopus
922 4222 1332 4273 Mediomatricis
1373 4224 1529 4274 metz.

427 4314 618 4366 Dieser
655 4302 962 4379 'theogerus
1002 4313 1102 4363 und
1140 4312 1231 4363 der
1269 4314 1397 4364 oben
1437 4313 1504 4362 im
1545 4312 1677 4363 'l'ext
1712 4311 1980 4362 erwiihnte
2018 4308 2298 4375 Dietgerus
2338 4306 2463 4357 sind
2494 4306 2626 4355 olane

281 4400 504 4455 Zw'eifel
542 4402 658 4454 eine
696 4401 796 4453 und
835 4402 963 4451 eben
1003 4398 1233 4451 dieselbe
1271 4398 1491 4449 Person.
