3009 5009
1405 246 1441 309 7

241 417 650 497 aqueductum
713 423 1173 485 subterraneum
1231 422 1292 483 in
1355 420 1571 483 cellam
1630 419 1769 483 duci
1814 416 1977 506 {tecit
2024 428 2084 483 et
2141 438 2313 485 muro
2368 422 2585 485 cellam

241 524 661 616 circumcinxit
697 546 860 609 pene
907 535 1120 592 totam.
1212 526 1355 589 Post
1400 527 1519 591 hec
1566 525 1813 599 accidit,
1862 534 1927 589 ut
1972 525 2297 589 Heinricus
2343 528 2588 608 quintus

239 646 364 701 rex,
413 632 518 709 qui
567 650 822 713 regnum
873 633 1170 697 aduersus
1206 640 1441 713 patrem
1481 635 1774 712 suscepit,
1825 633 2195 713 colloquium
2242 650 2383 695 cum
2426 635 2587 715 ‘prin-

239 734 476 814 cipibus
521 738 586 799 in
621 738 1054 819 Ratisponensi
1101 741 1342 803 civitate
1390 739 1676 811 haberet,
1722 737 1796 799 ad
1844 737 2011 820 quod
2054 744 2121 799 et
2162 739 2297 817 ipse
2341 744 2587 799 vocatus

237 843 421 901 venit.
511 841 582 915 ln
633 861 750 922 quo
799 824 1216 925 episcopatum
1261 845 1607 923 spirensem
1644 860 1789 905 oum
1826 843 2077 905 abbacia
2125 842 2485 905 laurissensi
2524 843 2589 905 in

241 945 342 1007 die
373 948 650 1007 omnium
689 956 1040 1011 sanctorum
1083 951 1322 1029 accepit
1369 956 1531 1011 anno
1562 946 1755 1011 Mcv.
1829 944 1951 1021 Qui
1996 946 2240 1009 maioris
2286 946 2589 1025 dignitatis

235 1048 494 1128 gradum
557 1049 814 1131 adeptus
873 1053 1123 1115 minoris
1183 1052 1597 1119 venerationis
1651 1034 1891 1115 habitus
1947 1058 2045 1113 est
2107 1069 2143 1113 a
2198 1053 2437 1114 cunctis
2488 1069 2587 1123 eo,

238 1155 403 1235 quod
438 1162 603 1223 tante
643 1159 1045 1222 estimationis
1081 1160 1169 1221 vir
1211 1166 1334 1223 tam
1377 1158 1799 1223 honorabilem
1846 1158 2051 1219 locum
2082 1176 2193 1237 pro
2232 1158 2589 1237 episcopatu

237 1262 586 1341 relinquere
636 1283 762 1337 non
805 1272 1116 1328 renueret.
1209 1266 1276 1329 ln
1335 1266 1641 1328 canticum
1689 1267 1875 1327 etiam
1920 1264 2081 1345 vulgi
2126 1281 2343 1327 versus
2389 1270 2485 1327 est
2526 1264 2589 1325 in

235 1373 486 1439 tantum,
519 1369 552 1447 ss
578 1376 640 1431 vt
657 1370 923 1450 quodam
949 1372 1012 1433 in
1041 1372 1180 1433 loco
1200 1389 1342 1433 cum
1369 1378 1729 1441 moraretur,
1769 1370 1947 1431 ciues
1986 1367 2267 1431 eiusdem
2306 1375 2456 1441 [Fet.
2478 1372 2587 1442 ἵε]

238 1472 359 1532 loci
395 1472 456 1533 in
496 1474 692 1554 ipsius
725 1474 1048 1539 audiencia
1092 1475 1312 1539 choros
1351 1475 1430 1538 de
1471 1494 1549 1537 eo
1590 1480 1905 1539 cantantes
1945 1473 2265 1547 ducerent,
2310 1474 2587 1554 quamuis

236 1577 356 1639 illis
403 1579 464 1639 in
513 1598 872 1661 prosperum
919 1601 1042 1645 non
1092 1584 1413 1655 cessisset;
1491 1600 1635 1644 narn
1680 1581 1860 1644 amici
1912 1582 2049 1642 eius
2109 1598 2247 1643 cum
2294 1579 2585 1643 militibus

238 1692 632 1763 accurrentes
677 1687 1000 1768 fustigatus
1038 1688 1178 1750 illos
1217 1687 1655 1767 disperserunt.
1750 1687 1905 1749 Cum
1951 1704 2093 1750 vero
2130 1687 2429 1749 terminus
2467 1686 2588 1749 vite

237 1790 424 1853 illius·
447 1792 824 1866 immineret,
873 1796 1040 1874 cepit
1083 1794 1204 1856 iam
1252 1790 1555 1857 diuturnis
1600 1793 1995 1873 languoribus
2038 1792 2299 1875 fatigari,
2346 1798 2409 1855 et
2450 1808 2585 1871 per·

239 1912 458 1957 suasus
522 1914 556 1957 a
611 1897 980 1977 quibusdam
1031 1896 1426 1961 familiaribus
1485 1900 1699 1961 amicis
1758 1898 2065 1969 decreuit,
2130 1897 2427 1960 secularia
2478 1914 2587 1960 ne·

238 2004 416 2081 gocia
471 2020 612 2071 cum
675 2005 1030 2083 episcopatu
1091 2004 1443 2085 relinquere
1503 2012 1566 2067 et
1630 2002 1706 2066 ad
1766 2005 2089 2084 pristinum
2148 2006 2587 2068 monasterium

238 2126 554 2179 remeare,
620 2114 684 2171 vt
745 2126 900 2191 quos
967 2113 1182 2173 vinens
1247 2110 1539 2175 deserere
1612 2128 1740 2173 non
1802 2111 2145 2183 recusauit,
2207 2111 2427 2173 saltem
2490 2108 2589 2171 vel

251 2218 530 2273 mortuus
605 2216 979 2296 iungeretur.
1079 2215 1392 2296 Disposito
1457 2217 1639 2296 igitur
1694 2216 1911 2279 itinere
1977 2215 2055 2277 de
2120 2222 2329 2277 monte
2393 2216 2590 2277 sancti

237 2316 587 2391 Michaelis,
637 2322 742 2399 qui
783 2321 1176 2383 Ebernsberc
1217 2322 1466 2393 dicitur,
1514 2320 1613 2385 vbi
1660 2328 1805 2385 tunc
1839 2321 1995 2383 forte
2024 2321 2340 2393 manebat,
2384 2319 2447 2379 in
2484 2336 2586 2381 ve-

235 2424 444 2485 hiculo
491 2424 814 2503 deducitur
859 2436 920 2489 et
965 2436 1290 2508 antequam
1326 2427 1600 2489 medium
1631 2430 1747 2489 iter
1783 2418 2083 2507 perficiat,
2130 2444 2165 2487 a
2202 2423 2585 2489 multitudine

239 2530 618 2610 Spirensium
659 2530 1164 2611 deprehenditur,
1215 2534 1436 2613 quibus
1483 2532 1733 2621 omnino
1760 2532 1901 2593 hoc
1946 2531 2133 2593 celari
2178 2531 2441 2594 iusserat
2477 2546 2584 2591 ne·

239 2636 506 2717 gocium.
589 2633 761 2709 Quos
809 2637 1182 2699 omnimodis
1238 2639 1521 2699 exorabat
1563 2638 1884 2716 precibus,
1926 2654 2007 2698 ne
2054 2628 2431 2715 propositum
2474 2638 2589 2697 iter

236 2740 594 2821 impediant,
651 2755 856 2822 neque
904 2759 974 2835 se
1029 2745 1198 2823 ipsos
1243 2761 1384 2805 cum
1431 2744 1569 2813 eius
1618 2742 1849 2805 diutina
1906 2742 2257 2807 infirmitate
2303 2749 2584 2821 grauent.

237 2846 312 2909 Et
346 2864 484 2921 curn
515 2848 776 2925 ‘multum
817 2849 1044 2931 diuque
1089 2852 1152 2911 in
1199 2850 1312 2913 hac
1357 2868 1426 2911 re
1473 2851 1824 2912 consentire
1868 2847 2275 2929 trepidarent,
2320 2864 2474 2910 vnus
2512 2864 2587 2907 ex

239 2953 360 3016 illis
407 2971 740 3033 assurgens
789 2964 1030 3022 ceteros
1078 2955 1191 3017 hac
1237 2973 1390 3019 voce
1437 2955 1785 3035 alloquitur:
1868 2955 2037 3039 N9n‚
2084 2955 2313 3034 inquit,
2358 2954 2587 3013 iustum

239 3076 360 3121 nec
389 3057 716 3125 honestum
753 3056 1023 3133 videtur,
1073 3065 1132 3122 vt
1169 3061 1527 3145 episcopum
1566 3066 1870 3131 nostrum,
1918 3076 2103 3139 quem
2146 3058 2413 3137 legitime
2452 3072 2586 3117 sus·-

241 3167 538 3244 cepimus,
587 3166 702 3228 hac
749 3168 982 3230 ratione
1027 3185 1062 3229 a
1085 3168 1268 3229 nobis
1305 3167 1571 3249 separari
1608 3168 1915 3228 viuentern
1941 3166 2251 3245 paciamur
2280 3170 2343 3225 et
2366 3162 2585 3225 alienis

240 3270 482 3351 pondus
513 3272 876 3337 infirmitatis
916 3275 1048 3337 eius
1093 3271 1515 3355 suffere-ndum
1566 3274 1982 3353 imponamus,
2030 3273 2207 3353 quia,
2254 3287 2435 3353 quam
2477 3270 2585 3333 diu

240 3380 306 3440 in
352 3359 481 3441 hac*
515 3361 860 3447 infirmitate
907 3383 1224 3455 subsistat,
1287 3384 1591 3446 incertum
1636 3381 1970 3453 habemus?
2010 3378 2335 3460 eligendus
2370 3380 2583 3459 pocius

241 3491 340 3547 est
365 3493 642 3549 secretus
671 3490 865 3567 ipsius
905 3505 1214 3567 congruus
1251 3486 1587 3559 infirmitati
1622 3486 1797 3548 locus
1837 3494 1901 3548 et
1923 3503 2035 3565 per
2061 3502 2289 3563 paucos
2326 3482 2584 3545 idoneos

242 3593 586 3667 ministros,
632 3606 752 3675 que
799 3594 962 3658 illius
1009 3594 1362 3657 necessaria
1408 3600 1570 3662 sunt,
1616 3591 1954 3652 ministerio
1994 3589 2417 3660 exhibeantur,
2465 3605 2585 3668 quo

237 3716 441 3779 usque
487 3700 634 3781 quid
679 3700 780 3763 dei
816 3693 1184 3781 prescientia
1212 3701 1242 3781 ΙΙ
1275 3698 1353 3761 de
1394 3715 1469 3761 eo
1508 3696 1775 3760 ordinari
1820 3696 1993 3770 velit,
2040 3714 2258 3778 agnos·
2300 3702 2444 3769 [Ful.
2476 3699 2583 3767 ’1η

241 3825 478 3871 camus.
543 3798 752 3884 'Quod
801 3809 1120 3872 consilium
1169 3826 1310 3869 cum
1353 3805 1687 3887 placuisset
1732 3805 1975 3879 ceteris,
2023 3805 2267 3891 eligitur
2312 3805 2368 3867 ei
2413 3804 2587 3865 locus

239 3915 416 3975 inter-
453 3914 714 3995 paludes
755 3914 981 3987 Rheni,
1036 3914 1296 3977 Bruh‘sel
1331 3920 1753 3991 nuncupatus,
1816 3928 2002 3992 quem
2036 3916 2399 3973 antecessor
2454 3912 2586 3973 eius

239 4022 467 4105 meniis
505 4023 654 4084 satis
691 4022 987 4082 munitum
1023 4019 1402 4104 reddiderat,
1451 4017 1566 4080 sed
1594 4026 1741 4079 tunc
1770 4034 1989 4097 magna
2021 4036 2095 4081 ex
2119 4024 2292 4097 parte
2322 4020 2587 4099 collapsa

239 4131 540 4217 fuerant„
572 4130 692 4191 hoc
737 4132 798 4191 ei
841 4129 1120 4210 primitus
1163 4128 1286 4199 fide
1335 4127 1798 4198 confirmantes,
1845 4134 1933 4199 vt,
1983 4129 2037 4188 si
2084 4124 2161 4189 de
2209 4127 2325 4217 hoc
2372 4126 2587 4201 seculo

243 4239 604 4317 migrasset,
677 4241 907 4320 absque
953 4240 1072 4303 vlla
1129 4240 1517 4302 cunctatione
1564 4236 1645 4311 ad
1697 4238 2135 4298 monasterium
2184 4253 2403 4315 corpus
2452 4236 2587 4295 eius

239 4348 706 4429 perduceretur.
799 4324 1012 4425 Tribus
1061 4347 1138 4409 de
1194 4347 1338 4407 hinc
1402 4339 1685 4405 euolutis'
1710 4343 2031 4405 mensibus
2074 4343 2134 4403 in
2184 4339 2405 4403 eodem
2454 4340 2587 4397 loco
