3009 5009
1574 210 1656 315 ’12

441 426 832 492 flichenbach
896 427 1150 499 dicitur,
1226 424 1482 489 arduum
1546 426 1879 507 negocium
1939 443 2047 505 pro
2113 420 2438 487 commodo
2506 420 2786 484 eiusdem

441 536 712 598 ecclesie
775 539 1130 606 exacturus,
1198 541 1458 595 eotenus
1514 531 1950 612 proficiscendi
2006 531 2121 592 iter
2164 530 2448 609 arripuit,
2514 528 2787 609 illucque

444 642 854 721 perueniens‚
886 669 894 679 κ
921 642 1151 703 crebris
1197 640 1457 702 febrium
1522 640 1741 701 ictibus
1800 637 2029 718 pulsari
2074 637 2258 715 cepit
2320 643 2415 707 et,
2481 643 2542 698 vt
2585 636 2789 698 bonus

435 746 688 829 athleta,
736 746 902 807 felici
949 762 1144 825 agone
1193 761 1440 807 cursum
1483 746 1605 806 vite
1654 750 1783 805 sue'
1816 760 2249 805 consummans
2294 741 2355 801 in
2400 741 2572 801 breui
2620 740 2793 802 diem

383 885 389 890 -
439 852 662 914 clausit
707 830 1060 914 extremum.
1119 850 1302 913 Cuius
1345 867 1567 931 corpus
1604 849 1711 913 filii
1750 856 1813 911 et
1854 850 2069 911 fratres
2106 848 2286 909 huius
2334 848 2604 909 ecclesie
2644 864 2793 907 cum

436 959 657 1019 timore
725 956 824 1019 dei
889 967 950 1020 et
1013 966 1264 1037 paterna
1320 958 1663 1019 reuerentia
1730 955 2101 1018 reducentes
2167 972 2237 1015 ac
2302 953 2586 1034 lugubres
2646 968 2792 1013 exe-

441 1065 616 1142 quias
663 1081 773 1142 pro
821 1080 896 1123 eo
945 1064 1326 1125 celebrantes
1366 1060 1442 1125 ad
1477 1063 1787 1125 introitum
1823 1062 2069 1123 maioris
2110 1061 2373 1122 ecclesie
2422 1068 2559 1121 ante
2601 1058 2793 1119 altare

442 1170 718 1230 omnium
766 1176 1110 1231 sanctorum
1159 1187 1297 1233 cum
1345 1185 1585 1230 summo
1624 1168 1964 1230 deuotionis
2015 1174 2076 1229 et
2112 1166 2361 1228 honoris
2390 1164 2593 1229 studio
2620 1171 2793 1226 terre

443 1274 1052 1339 commendauerunt.
1552 1260 1557 1263 ’

1110 1446 1232 1515 10.
1320 1447 1437 1516 De
1483 1447 1814 1515 Heinrico
1860 1446 2122 1514 abbate.
2230 1502 2241 1511 .

621 1594 802 1653 Anno
848 1591 1175 1654 millesimo
1224 1592 1563 1654 centesimo
1606 1593 1986 1671 octogesimo
2046 1596 2325 1662 octauo,
2382 1596 2521 1668 post
2566 1588 2795 1651 deces-

441 1714 581 1761 sum
644 1696 855 1759 domni
919 1697 1179 1760 Conradi
1241 1698 1511 1771 abbatis,
1588 1696 1847 1759 domnus
1911 1698 2239 1759 Heinricus
2302 1696 2561 1759 vuanimi
2625 1703 2793 1769 voto,

443 1804 750 1865 communi
799 1806 1072 1894 omnium
1121 1804 1673 1868 sentencia·abbas
1718 1805 1978 1883 eligitur.
2068 1792 2182 1868 ffl'c
2227 1802 2490 1883 primum
2518 1806 2793 1867 cantoris

445 1917 748 1984 [Fabii-,1
789 1916 1008 1991 gerens
1039 1915 1068 1993 Η
1101 1910 1392 1985 officium,
1439 1912 1604 1974 velut
1648 1910 1807 1973 oliua
1856 1910 2165 1972 fructifera
2208 1912 2271 1970 in
2319 1907 2497 1970 domo
2538 1908 2791 1981 domini,

441 2012 713 2098 pluribus
759 2019 940 2081 bonis
987 2018 1153 2079 hunc
1196 2012 1398 2079 locum
1455 2016 1787 2081 adornauit.
1882 2018 2133 2097 Singula
2192 2018 2397 2079 altaria
2450 2017 2595 2077 oleo
2646 2033 2791 2075 cum

442 2123 824 2202 lampadibus
867 2121 1162 2185 decenter
1197 2123 1557 2197 illustrauit,
1606 2124 1815 2187 vineas
1861 2124 2172 2202 plantauit,
2219 2120 2424 2203 predia
2462 2121 2789 2199 ampliauit.

442 2228 630 2308 lgitur
675 2246 926 2307 operum
975 2229 1111 2290 eius
1151 2228 1306 2298 fama
1353 2236 1694 2299 crescente,
1741 2228 1953 2289 iratres
2001 2216 2081 2288 de
2134 2227 2455 2289 Benwilrc·
2482 2244 2625 2288 eum
2669 2228 2791 2289 sihi

441 2335 506 2396 in
555 2326 850 2395 ‘abb-atem
915 2339 1218 2412 expetunt.
1325 2332 1499 2411 Apud
1564 2350 1719 2412 ques
1782 2351 1921 2393 cum
1980 2332 2321 2412 aliquandiu
2378 2340 2791 2393 commoratus

443 2447 650 2511 esset,
727 2439 922 2505 victus
989 2460 1202 2505 eorum
1267 2444 1719 2520 importunitate
1790 2448 1850 2503 et
1912 2443 2034 2504 loci
2079 2448 2467 2521 paupertate,
2542 2440 2659 2501 sed
2724 2450 2794 2503 et

339 2552 342 2555 ⁴
443 2536 696 2625 plurima
743 2547 838 2623 sui
885 2550 1155 2626 corporis
1199 2542 1542 2609 infirmitate
1602 2548 1914 2609 abbaciam
1978 2548 2345 2627 resignauit‚
2421 2554 2481 2607 et
2538 2546 2614 2608 ad
2668 2566 2791 2609 nos

445 2649 650 2715 denuo
681 2652 926 2714 rediens
954 2656 1270 2739 pristinum
1301 2654 1553 2733 gradum
1586 2662 1649 2716 'et
1676 2654 1944 2717 officium
1986 2657 2250 2716 cantoris
2299 2656 2549 2734 recepit.
2586 2654 2790 2717 -Post-

438 2758 694 2821 ‚modum
741 2762 920 2822 nobis
967 2761 1152 2823 abbas
1183 2761 1517 2835 ordinatus,
1564 2780 1675 2843 per
1710 2758 1945 2841 'aliquot
1988 2776 2178 2823 annos
2218 2764 2361 2825 satis
2402 2761 2700 2823 modeste‘
2727 2766 2795 2822 et

440 2866 798 2945 regulariter
845 2885 1020 2931 suam
1069 2875 1130 2929 et
1175 2866 1549 2928 subditorum
1598 2868 1775 2929 vitam
1830 2869 2109 2929 instituit.
2202 2868 2483 2946 Dumque
2529 2868 2593 2927 in
2644 2884 2786 2945 pro-

443 2978 628 3033 cessu
673 2972 966 3051 temporis
1013 2990 1156 3035 cure
1193 2979 1264 3061 χεῖ
1307 2973 1571 3051 'negocia
1621 2972 1815 3033 seculi
1860 2979 2067 3053 contra
2118 2991 2261 3035 eum
2306 2973 2489 3035 nimis
2539 2958 2789 3033 exere&

445 3075 683 3149 cerent,
753 3094 894 3139 cum
941 3080 1184 3139 ceruice
1233 3081 1504 3157 corporis
1550 3078 2022 3156 flexit‘rigorem
2070 3081 2293 3141 mentis
2342 3087 2403 3143 et
2447 3081 2641 3142 iactus
2686 3086 2793 3140 est

441 3185 506 3244 in
567 3182 995 3244 obseruatione
1063 3192 1270 3245 sancte
1335 3184 1547 3263 regule
1612 3185 1813 3273 pauloj
1850 3178 2198 3258 remissior,
2268 3179 2448 3266 quam
2512 3195 2793 3266 tempora

443 3294 506 3349 et
569 3305 773 3348 mores
837 3273 1208 3366 expeterent.
1300 3288 1396 3357 Ob
1423 3360 1432 3366 ³
1461 3288 1591 3350 hoc,
1644 3288 1929 3369 penitens
1983 3297 2059 3351 et
2116 3291 2340 3353 timens
2399 3292 2599 3354 anime
2648 3310 2787 3365 suc,

440 3393 608 3473 licet
639 3393 1044 3463 renitentibus
1110 3394 1327 3455 amicis
1385 3396 1517 3456 suis
1562 3401 1643 3455 -et
1702 3397 2003 3475 cognatiS,
2070 3398 2314 3458 abbacia
2360 3416 2429 3459 se
2476 3395 2792 3460 abdicauit

439 3504 506 3561 et
550 3496 624 3559 ad
673 3500 1178 3577 sustentationem
1224 3501 1369 3562 vite·
1395 3516 1506 3561 sue
1553 3490 1995 3580 preposituram
2033 3501 2226 3564 Rothe
2276 3502 2635 3565 a‘fratribus
2670 3500 2791 3564 'ac-

443 3596 624 3683 cepit.
681 3604 772 3665 lbi
817 3604 896 3666 ad
944 3604 1438 3685 dimidiumi'ere
1479 3614 1707 3666 annum
1743 3600 2081 3667 in‘mcrorc
2122 3586 2336 3669 vinens
2386 3616 2447 3670 et
2491 3608 2787 3681 lacrimis,

441 3719 650 3791 quarto
700 3725 895 3769 nonas
931 3708 1096 3769 Junii
1143 3708 1218 3769 de
1266 3708 1607 3770 hac'domo
1654 3710 1819 3773 luteo
1864 3712 2141 3773 transiuit
2188 3712 2264 3774 ad
2302 3707 2577 3775 eternam
2595 3706 2627 3785 ,'
2662 3732 2790 3793 que

400 3874 407 3882 ,
445 3822 540 3875 est
583 3817 648 3875 in
680 3813 1048 3881 celestibus,
1137 3812 1365 3875 Preiuit
1409 3815 1583 3875 annis
1622 3822 1790 3888 octo,
1838 3818 1926 3878 vir
1967 3818 2172 3877 vtenuis
2220 3836 2503 3897 corpore,
2554 3822 2790 3881 statura

443 3918 773 3990 mediocri,
821 3936 989 3979 raros
1028 3919 1184 3997 pilos
1229 3918 1494 3981 habebat
1539 3922 1871 4000 incapite.
1968 3922 2201 4002 Corpus
2251 3926 2384 3985 eius
2432 3925 2591 3985 iuxta
2640 3942 2790 3987 ossa

443 4024 654 4107 domni
699 4025 950 4105 Ruperti
993 4015 1226 4106 abbatis
1272 4026 1585 4089 humatum
1634 4033 1730 4090 est
1773 4030 1835 4089 in
1879 4029 2016 4109 ipso
2060 4030 2309 4093 introitu
2356 4031 2645 4092 ecclesie.
