3009 5009
1395 274 1478 339 5⁷

1225 446 1671 537 [Rufinum]

446 587 811 662 Hal-midas,
876 590 1062 652 frater
1117 587 1468 652 Gebehardi
1527 586 1741 675 fratris
1782 592 1977 653 nostri
1999 635 2015 662 ,
2085 590 2237 654 duas
2301 591 2497 677 hubas
2542 590 2619 653 ad

265 696 587 777 Bagingen
637 694 825 758 dedit.
881 734 886 738 -
1327 677 1332 684 ’
1922 718 1931 727 ·

1260 866 1637 959 Wilinyen.

448 1010 792 1092 Wolffgang
839 1017 903 1073 et
945 1030 1090 1074 vxor
1138 1013 1272 1074 eius
1303 1010 1596 1076 Heilewie
1635 1013 1714 1075 de
1742 1013 2049 1095 Witingen
2080 1011 2381 1076 dederunt
2408 1016 2623 1075 saneto

266 1116 453 1177 Petro
498 1123 693 1178 totum
737 1118 1050 1199 predium,
1101 1118 1260 1198 quod
1287 1100 1654 1181 'habuerunt
1701 1117 1776 1181 ad
1822 1120 2160 1201 Witingen,
2210 1126 2462 1200 excepta
2505 1137 2622 1182 vna

265 1220 433 1282 huba
497 1228 560 1283 et
621 1222 811 1283 tribus
877 1213 1230 1302 mancipiis;
1308 1223 1496 1304 quod‘
1536 1223 1825 1286 traditum
1890 1230 1987 1287 est
2047 1225 2111 1285 vin
2164 1218 2349 1286 ‘manu
2411 1223 2620 1289 domni

267 1326 607 1389 Eberh'ardi
671 1325 747 1389 de
815 1326 1230 1395 Strubenhart.
1340 1328 1460 1408 Ipsi
1528 1336 1733 1391 autem
1796 1347 1906 1408 pro
1972 1330 2215 1390 annuali
2274 1326 2526 1409 denaria
2587 1348 2621 1389 a

269 1433 501 1495 domno
547 1434 833 1497 Volmaro
883 1432 1100 1496 abbate
1146 1432 1296 1496 illud
1341 1442 1712 1515 receperunt
1758 1452 1829 1495 ea
1873 1437 2087 1512 gratia,
2120 1436 2149 1515 ΙΙ
2179 1442 2243 1497 vt
2289 1442 2427 1509 [ποι.
2458 1442 2617 1508 ιιι]

270 1540 325 1601 si
373 1542 507 1617 ipse
557 1541 832 1601 conuerti
878 1540 1157 1611 voluerit,
1206 1541 1591 1619 suscipiatur,
1638 1557 1783 1601 vxor
1818 1558 1961 1601 vero
2003 1543 2158 1623 eius,
2209 1558 2351 1601 eum
2382 1540 2619 1611 obierit,

268 1648 334 1706 in
372 1646 498 1706 hoc
542 1646 682 1706 loeo
730 1630 1080 1725 sepeiiatur.
1154 1644 1254 1707 Hii
1302 1653 1497 1707 testes
1544 1646 1813 1708 fuerunt:
1863 1645 2205 1707 Friderieus
2253 1646 2388 1718 dux,
2435 1644 2617 1707 Adai-

268 1752 483 1813 bertus
523 1770 733 1813 comes
765 1759 826 1813 et
850 1751 1177 1815 Bel-toldus
1223 1752 1411 1815 frater
1457 1754 1595 1813 eius
1643 1748 1720 1813 de
1771 1752 1984 1825 Calwa,
2021 1750 2407 1814 Eberhardus
2435 1752 2623 1813 Eber-

270 1854 445 1917 hardi
490 1848 650 1917 filius
701 1855 777 1918 de
824 1853 1690 1929 Helffenstein‚Adalbe1-tns
1740 1855 1817 1918 de
1864 1856 2188 1939 Waldeek,
2237 1857 2496 1921 Erlefrid
2542 1856 2621 1919 de

273 1960 576 2040 Vbtingen
617 1972 680 2026 et
723 1964 906 2025 frater
953 1966 1089 2027 eius
1107 1962 1454 2034 Vdalrieus‚
1501 1962 1821 2043 Rnggerus
1858 1968 1921 2024 et
1952 1962 2227 2041 Sigeholt
2252 1962 2371 2025 filii
2410 1962 2621 2027 domni

270 2066 668 2155 Engelboldi
681 2069 756 2130 de
805 2066 1147 2139 Kaltendal,
1197 2066 1424 2130 Conrat
1468 2066 1548 2129 de
1594 2066 2059 2141 Munzissheim,
2106 2069 2495 2134 Dietherious
2541 2069 2621 2131 de

273 2171 553 2237 saxonia.

637 2416 648 2423 ,
747 2345 1283 2438 Gebeteln'nyen.
1333 2320 1779 2435 Psortukeim
1826 2350 1893 2411 et
1934 2299 2151 2413 Stein.

425 2464 756 2571 'Ebbertus
813 2508 1124 2587 prefectus
1170 2508 1486 2589 Spirensis
1536 2515 1600 2572 et
1642 2527 1786 2570 vxor
1834 2508 1971 2571 eius
2016 2508 2265 2571 Hadwie
2313 2524 2453 2569 eum
2496 2506 2623 2569 filio

273 2614 504 2675 comite
532 2612 871 2676 Eckeberto
920 2612 1223 2676 dederunt
1270 2622 1538 2695 quinque
1584 2613 1781 2676 hubas
1828 2612 1904 2676 ad
1935 2615 2168 2687 Steine,
2219 2620 2282 2675 et
2304 2611 2625 2713 'dimidium

273 2717 696 2781 molendinum
761 2727 824 2781 et
876 2719 984 2782 XII
1046 2720 1238 2800 hubas
1299 2720 1396 2789 ad,
1426 2719 1963 2799 Gleberehingen,
2032 2728 2095 2782 et
2136 2719 2218 2781 ad
2258 2719 2623 2782 Psonzheim

274 2831 554 2908 quartam
618 2835 853 2905 partem
911 2826 1149 2907 predii,
1216 2827 1382 2907 qued
1440 2826 1651 2888 domni
1696 2826 2026 2921 Burekardi
2070 2827 2149 2889 de
2196 2826 2624 2905 Stouffenheig

277 2940 424 3005 erat,
476 2927 867 3035 et'jquicquid
917 2936 979 2994 in
1026 2932 1127 2994 illa
1172 2950 1372 2998 marca
1408 2934 1741 2999 habebant.

1229 3104 1683 3196 Banninyon.

453 3268 790 3347 Hartwigus
837 3278 899 3334 et
924 3268 1241 3349 Egilolffus
1287 3270 1503 3330 fratres
1553 3270 1744 3331 nostri
1791 3266 2093 3333 dederunt
2140 3265 2216 3330 ad
2262 3267 2622 3349 Bunningen

275 3392 387 3437 sex
432 3374 644 3445 hubas,
694 3373 772 3435 ad
816 3374 1170 3454 Duttlingen
1219 3374 1392 3447 duas,
1439 3374 1517 3435 ad
1564 3374 1866 3437 Pfuchfelt
1906 3383 2052 3437 tres.
2146 3374 2317 3436 Idem
2363 3375 2625 3452 Hartwig

273 3498 387 3560 pro
436 3498 506 3543 se
523 3496 733 3573 ‘vnam
779 3457 1006 3541 h'ubam
1054 3479 1131 3541 ad
1176 3480 1519 3541 Westheim
1567 3478 1803 3579 dedit
1894 3484 1897 3489 '

947 3669 1396 3759 Bunninyen.
1491 3665 1957 3775 Pfortfeleeim.

453 3833 782 3897 Bernhooh
829 3839 1126 3919 cognatus
1173 3848 1408 3898 eorum‘
1433 3830 1720 3912 quiequid
1764 3829 1839 3893 ad
1865 3830 2231 3910 Bnnningen
2280 3838 2345 3893 et
2387 3830 2627 3895 adGis-

274 3940 434 4003 naeh
491 3940 705 4003 habuit
769 3947 982 4002 saneto
1046 3937 1224 4001 Petro
1287 3912 1549 4002 tradidit.
1642 3934 1931 4003 Predium
1973 3935 2056 3999 ad
2093 3934 2397 4015 Gisnaeh,
2465 3936 2629 4018 quod
2683 4022 2689 4029 .

275 4048 474 4125 ipsius
537 4051 600 4106 et
650 4046 932 4125 Hartwigi
979 4062 1307 4132 commune
1355 4052 1525 4116 erat,
1589 4042 1907 4106 venditum
1948 4044 2052 4105 est
2095 4060 2205 4124 pro
2248 4062 2358 4107 sex
2403 4044 2624 4113 matesis

277 4160 360 4215 et
385 4150 597 4213 datum
645 4158 784 4213 est
789 4152 849 4212 in
899 4147 1133 4228 predio,
1184 4147 1346 4233 quod
1395 4150 1659 4209 emimus
1706 4150 1767 4209 in
1818 4147 2200 4212 Pfortz‘heim.
2262 4202 2269 4207 .
