3009 5009
1602 261 1689 328 98

1409 523 1871 614 suanum.

648 663 922 746 Adelwig
963 664 1042 729 de
1079 667 1408 746 Nidlingen
1453 669 1703 732 tradidit
1736 669 1801 730 in
1836 669 2219 734 schafhusen
2264 668 2579 734 dimidiam
2619 672 2821 733 ecele-

465 777 620 836 siam
673 779 734 835 et
779 789 962 832 vnum
1009 770 1427 834 molendinum
1465 793 1607 835 eum
1646 781 1817 854 prato
1856 775 1931 837 ad
1970 778 2173 855 ipsum
2216 777 2645 838 molendinum
2686 792 2821 855 per·

463 880 698 940 tinente
748 885 811 940 et
858 875 1116 938 duorum
1159 877 1474 939 hominum
1522 879 1841 942 beneficia.
1934 879 2243 943 Amoldus
2288 880 2452 942 filius
2502 883 2637 944 eius
2686 901 2817 961 pre-

469 984 637 1046 dium
679 986 742 1044 in
790 982 1010 1045 eodem
1057 982 1196 1045 loeo
1245 983 1436 1050 dedit.

1411 1157 1870 1248 Selmfltmen.

647 1300 1046 1379 Woppelinus
1085 1298 1164 1362 (le
1191 1299 1555 1383 Blieningen
1604 1311 1877 1383 quartam
1912 1310 2149 1383 partem
2196 1303 2465 1366 ecclesie
2510 1305 2575 1365 in
2606 1303 2816 1366 Schaf-

469 1407 676 1468 husen
723 1413 788 1468 et
833 1405 1254 1470 molendinum
1289 1410 1351 1470 in
1399 1408 1623 1470 eodem
1660 1411 1798 1471 loco
1837 1410 2029 1472 nobis·
2060 1408 2319 1472 tradidit.

1379 1579 1894 1650 Studet-»Mna

644 1720 800 1783 Item
845 1721 956 1784 Vta
1003 1727 1067 1782 et
1111 1721 1274 1783 filius
1321 1724 1458 1786 eius
1486 1722 1807 1785 vdalrious
1854 1722 2125 1802 quinque
2171 1720 2364 1786 hubas
2410 1720 2486 1782 ad
2523 1720 2813 1783 Studern-

469 1825 637 1887 heim
681 1826 746 1888 in
781 1826 1188 1890 Wormsst'eld
1225 1825 1412 1888 dedit.

1432 1995 1832 2088 woffinym.

647 2143 820 2206 Cuno
881 2141 964 2204 de
1021 2141 1228 2207 Sultza
1293 2150 1358 2204 et
1417 2141 1605 2205 Graffl
1668 2141 1747 2204 de
1793 2141 2085 2205 Lustnow
2113 2142 2413 2222 *quinque
2477 2141 2677 2202 hubas
2740 2139 2816 2202 ad

468 2249 805 2330 Bdsingen,
852 2267 962 2332 pro
1011 2250 1231 2330 quibus
1277 2249 1663 2312 Hermannus
1711 2248 2043 2310 aduocatus
2080 2245 2159 2312 de
2190 2247 2337 2310 Owa
2382 2246 2459 2308 ad
2490 2245 2815 2326 Tiiffingen

469 2354 624 2420 duas
669 2358 880 2428 hubas,
927 2373 1112 2419 vnum
1139 2353 1559 2418 molendinum
1606 2363 1669 2417 et
1694 2354 1899 2433 viginti
1934 2353 2147 2432 iugera
2182 2353 2311 2434 agri
2336 2347 2584 2416 tradidit
2610 2355 2809 2415 nohis.

1263 2525 1588 2594 Altheim.
1680 2525 1992 2615 magon.
2088 2587 2093 2592 .

643 2668 972 2734 Bertolffus
1017 2668 1100 2732 de
1146 2670 1434 2733 Waltorfl'
1487 2679 1551 2734 et
1610 2671 1801 2733 frater
1856 2673 1991 2733 eius
2042 2669 2243 2749 Erpho
2302 2669 2367 2728 in
2412 2666 2684 2729 Altheim
2729 2665 2817 2732 di-

467 2773 718 2854 midiam
766 2775 994 2838 hubam
1055 2782 1118 2838 et
1180 2778 1244 2838 in
1301 2777 1447 2842 villa
1492 2778 1751 2858 lhingen
1804 2783 1932 2839 tres
1990 2775 2180 2838 hubas
2226 2772 2502 2845 tradidit,
2564 2773 2634 2834 in
2696 2791 2817 2854 quo

471 2883 614 2945 loeo
661 2890 851 2946 mater
898 2884 1034 2946 eius
1077 2881 1348 2964 Luitgart
1389 2885 1561 2963 prius
1608 2883 1866 2946 dederat
1911 2883 2132 2945 hubam
2180 2887 2243 2944 et
2286 2878 2619 2943 dimidiam.

1417 3054 1848 3145 Dietlinyen.

645 3195 908 3261 Voleker
959 3201 1024 3256 et
1065 3195 1268 3296 fratm⁴
1299 3196 1431 3256 eius
1479 3195 1722 3274 Seliger
1776 3194 1855 3256 de
1903 3191 2165 3256 Stetfeld
2222 3187 2535 3253 dimidiam
2584 3191 2818 3254 hubam

471 3313 534 3367 et
567 3321 754 3366 vnum
797 3302 1073 3364 vinetum
1115 3303 1186 3365 in
1225 3301 1581 3380 Dietlingen
1628 3307 1838 3363 saneto
1874 3299 2053 3362 Petro
2097 3297 2357 3361 tradidit.
2387 3299 2418 3377 ΙΙ

405 3554 410 3559 .
472 3487 608 3562 μοι,
626 3485 798 3556 σει]
1169 3445 1629 3563 ‘Wimyartm
1717 3469 2098 3570 Busohlay.
2233 3529 2246 3534 -

644 3617 1026 3684 Burekardus
1087 3617 1165 3680 de
1221 3617 1624 3683 Strubenhart
1684 3614 1762 3677 ad
1807 3615 2163 3694 wingarten
2212 3611 2473 3685 hubam,
2539 3613 2820 3674 vinetum

471 3734 538 3789 et
578 3733 814 3806 pratum
860 3731 925 3810 et
967 3725 1293 3806 plusquam
1338 3729 1598 3803 quatuor
1644 3726 1883 3792 curtes,
1957 3728 2019 3782 et
2078 3718 2153 3781 ad
2207 3720 2509 3799 Busehlag
2566 3717 2819 3780 salicam

442 3837 694 3892 'terram
739 3835 802 3891 et
845 3827 1138 3910 quiequid
1181 3827 1412 3890 ibidem
1455 3828 1777 3897 habuerat,
1824 3821 2083 3886 tradidit.

1077 4081 1097 4088 -
1444 3994 1830 4085 Sultaefeld.

615 4127 972 4236 ‘wolfl‘hert
1017 4140 1098 4205 de
1144 4118 1581 4206 Alenfelt'tres
1625 4140 1824 4204 hubas
1872 4138 1947 4202 aa
1996 4136 2291 4228 Sultzfem
2335 4135 2598 4200 tradidit.
