3009 5009
1325 254 1404 357 13'

726 506 736 513 ’
806 530 916 600 11.
1005 532 1121 601 De
1163 532 1600 641 marquardo
1648 534 1908 603 abbate.
1958 514 1963 521 ’

361 676 637 739 Domnus
675 677 1078 758 Marquardus
1117 679 1337 751 abbas,
1385 681 1627 759 magnis
1676 679 1979 741 natalibus
2026 685 2223 751 ortus,
2268 680 2533 743 manimi

181 785 503 847 sentencia
552 784 800 863 capituli
849 784 1105 856 electus,
1135 787 1164 865 Η
1197 802 1354 846 anno
1383 786 1713 847 millesimo
1745 774 2171 848 ducentesimo
2220 790 2535 860 [Potiu]

181 893 389 972 quinto
440 890 748 952 dominice
795 892 1227 954 incarnationis
1283 892 1533 964 obiens,
1609 892 1891 955 fratribus
1956 894 2178 956 orbatis
2248 901 2312 956 et
2368 896 2533 958 bono

181 999 388 1080 aliquo
411 1062 418 1069 ,
444 1005 688 1079 pastore
748 997 1137 1069 reficiendis,
1211 1000 1606 1061 seminarium
1668 998 2067 1069 infestissime
2126 1000 2533 1066 dissensionis

177 1104 444 1185 reliquit.
537 1104 690 1165 Nam
736 1106 798 1165 in
850 1105 1062 1182 primis
1103 1108 1218 1182 ⁸pro
1267 1104 1543 1165 libertate
1592 1104 1821 1166 familie
1870 1108 2227 1167 monasterii
2273 1106 2527 1179 Romam

109 1235 114 1239 ·
175 1212 446 1291 pergens
476 1214 570 1269 .et
611 1215 751 1287 post
785 1228 895 1289 per
945 1209 1096 1271 alios
1143 1208 1480 1271 identidem
1526 1210 1817 1282 mittens,
1881 1211 1945 1271 in
1992 1214 2233 1273 camino
2278 1212 2527 1275 teruen-

175 1320 411 1384 tissime
480 1315 980 1379 contradictionis
1040 1334 1463 1396 pressurarum
1528 1319 1995 1397 tempestatibus
2060 1327 2353 1383 excoctus
2412 1326 2528 1381 est.

175 1428 462 1489 Preterea
508 1423 578 1484 A.
613 1442 850 1496 comes,
901 1423 1231 1486 aduocatus
1271 1425 1649 1495 monasterii,
1688 1425 1907 1503 plenus
1943 1428 2243 1487 minarum
2272 1429 2529 1507 spirans,

179 1520 580 1594 camerarium
629 1531 898 1593 ecclesie
947 1531 1296 1593 ante'i’ores
1343 1532 1693 1591 monasterii
1742 1533 2181 1610 captiuaturus,
2240 1536 2409 1612 prius
2462 1534 2525 1595 in

177 1640 462 1703 abbatem
515 1658 628 1720 pro
675 1641 1009 1723 camerario
1075 1645 1342 1701 stantem
1387 1641 1685 1718 impetum
1748 1639 1933 1711 fecit,
2002 1648 2069 1717 et·
2128 1642 2529 1703 camerarium

173 1753 414 1819 tenens,
463 1746 742 1815 manibus
778 1762 815 1810 a
849 1752 1022 1823 tergo
1061 1745 1278 1824 legatis
1317 1740 1525 1806 durius
1558 1743 1789 1813 afflixit.
1842 1744 1981 1819 Quo
2019 1745 2267 1811 tandem
2304 1746 2527 1819 soluto,

177 1853 412 1914 solutus
481 1859 578 1914 est
637 1853 820 1912 etiam
881 1851 1168 1913 sathanas
1213 1868 1250 1913 a
1295 1866 1581 1921 carcere,
1650 1852 1753 1930 qui
1806 1850 2061 1913 consilio
2118 1870 2231 1914 suo
2276 1852 2529 1915 turbatis

181 1960 404 2031 rebus,
473 1965 536 2019 et
583 1957 834 2019 directo·
863 1955 1004 2017 dolo
1047 1956 1110 2016 in
1156 1972 1340 2017 manu
1387 1940 1583 2035 impii,
1649 1934 1967 2036 plurimam
2002 1965 2237 2037 partem
2279 1960 2533 2021 fratrum

175 2064 418 2142 probris
466 2068 530 2123 et
577 2060 962 2121 contumeliis
1007 2058 1290 2131 affectos,
1354 2077 1391 2121 a
1439 2051 1703 2121 claustro
1758 2061 1971 2140 procul
2026 2060 2157 2123 fieri
2204 2061 2369 2126 fecit.
2459 2064 2529 2125 ln

177 2186 296 2249 qua
344 2167 726 2246 dispersione
773 2182 930 2245 pane
979 2172 1108 2227 arto
1157 2170 1422 2247 etaqua
1467 2163 1675 2237 breui,
1732 2144 2025 2227 nec-non
2071 2167 2207 2229 aliis
2252 2169 2529 2247 penuriis

173 2273 540 2353 aliquamdiu
587 2273 853 2346 contriti,
921 2273 1036 2334 nisi
1083 2271 1288 2333 diuina
1337 2272 1525 2351 gratia
1568 2271 1891 2336 refecisset
1938 2290 2081 2345 eos,
2148 2273 2227 2336 ad
2270 2275 2529 2337 nibilum

171 2378 409 2441 redacti
472 2379 752 2441 fuissent.
844 2362 1125 2455 Tandem
1184 2376 1565 2457 triumphatis
1630 2378 1914 2439 omnibus
1980 2379 2201 2441 emulis
2266 2382 2441 2443 suis‘
2462 2387 2529 2443 et

175 2487 534 2553 auctoritate
594 2484 915 2563 apostolici
981 2484 1248 2546 mandati
1303 2490 1599 2545 renouata
1658 2470 1937 2545 libertate
2000 2486 2357 2547 monasterii
2404 2487 2523 2559 sui,

177 2591 359 2653 simul
425 2592 610 2652 etiam
675 2589 912 2652 duobus
949 2588 1262 2651 lateribus
1316 2591 1380 2649 in
1435 2588 1663 2651 ambitu
1724 2588 2005 2662 claustri,
2080 2608 2199 2671 que
2256 2592 2523 2672 collapsa

174 2699 414 2760 fuerant
431 2742 447 2769 ,
513 2696 592 2759 ad
646 2698 948 2776 integrum
1002 2696 1310 2758 rennuatis
1329 2740 1347 2769 ‚
1415 2714 1557 2757 cum
1615 2713 1791 2757 muro
1808 2740 1825 2769 ,
1902 2714 2089 2776 quem
2154 2706 2294 2760 ante
2357 2699 2523 2761 fores

173 2801 528 2867 monasterii
583 2801 776 2864 nobili
840 2818 1034 2880 opere
1075 2801 1222 2863 satis
1271 2801 1587 2879 eleganter
1642 2801 1981 2871 inchoauit,
2048 2800 2162 2863 sed
2204 2802 2521 2869 immatura

174 2917 383 2975 morte.
405 2915 740 2988 preuentus
786 2908 864 2969 ad
906 2906 1157 2989 plenum
1201 2926 1324 2970 non
1368 2907 1673 2987 perduxit3
1719 2909 1885 2987 graui
1930 2924 2197 2989 namque
2235 2911 2517 2973 molestia

175 3018 448 3096 corporis
485 3022 786 3097 arreptus,
837 3021 900 3076 et
937 3015 1164 3077 diutina
1207 3013 1745 3076 animaduersione
1782 3021 2201 3094 quartanarum
2240 3014 2519 3088 febrium,

151 3140 316 3184 cum
337 3121 628 3183 effluente
651 3121 1012 3184 dissenteria
1041 3122 1212 3200 quasi
1247 3120 1279 3200 Η
1303 3120 1756 3202 persecutionis
1780 3120 1977 3201 gladio
1999 3122 2183 3181 nimis
2208 3129 2341 3195 [Ful.
2362 3130 2519 3197 ιιι]

64 3224 70 3230 ’
175 3232 442 3302 attritus,
487 3228 842 3293 ,tredecimo
888 3226 1003 3291 kal.
1051 3228 1359 3290 Februarii
1406 3246 1587 3294 came
1634 3216 1873 3290 solutus
1920 3235 2035 3291 est.
2126 3228 2359 3301 Homo,
2420 3231 2521 3291 cui

169 3337 265 3399 vix
309 3337 532 3399 nostris
576 3336 954 3415 temporibus
1000 3335 1214 3415 aliquis
1260 3341 1426 3397 tante
1459 3334 1797 3423 largitam,-
1844 3341 2008 3397 tante
2062 3335 2519 3407 beniuolencie,

170 3448 336 3505 tante
381 3441 528 3505 fidei
573 3442 790 3503 similis
834 3441 1102 3502 inueniri
1145 3441 1402 3519 poterit,
1453 3446 1710 3518 excepto
1758 3436 1921 3518 quod
1966 3441 2223 3501 maculis
2270 3439 2518 3519 quibus-

171 3548 314 3611 dam
357 3548 712 3629 tepitudinis
751 3554 815 3609 et
860 3545 1252 3625 negligencie.
1290 3546 1356 3607 in
1395 3544 1813 3607 claustralibus
1860 3543 2207 3623 disciplinis
2248 3544 2517 3616 cecutire

174 3654 508 3718 videbatur.
575 3654 802 3717 Profuit
847 3658 1052 3716 autem
1101 3650 1274 3711 annis
1324 3656 1500 3721 oeto‚·
1533 3647 1847 3709 mensibus
1896 3666 2004 3709 sex
2050 3654 2115 3709 et
2160 3651 2519 3731 septimanis

167 3763 382 3823 tribus.
476 3760 834 3823 Tumulatur
879 3764 1020 3820 ante
1071 3756 1258 3818 altare
1306 3755 1500 3817 sancti
1546 3752 1801 3817 Nicolai.

988 3929 1114 4002 12.
1205 3928 1600 4020 lantfridus
1632 3931 1697 4015 ¹).
2330 4000 2335 4009 ,

345 4078 464 4141 Hic
524 4078 638 4139 fuit
703 4076 806 4143 12.
864 4076 1110 4165 Hirscb.
1167 4076 1393 4148 abbas,
1471 4077 1715 4157 eligitur
1770 4086 1929 4137 anno
1991 4074 2183 4141 1205.
2230 4076 2378 4145 ‚Vir
2422 4080 2515 4139 in·

166 4186 348 4265 genio
395 4186 624 4256 clarus,
689 4183 959 4246 moribus
1005 4184 1275 4262 integer,
1340 4182 1811 4245 conuersatione
1858 4188 2156 4254 maturus,
2203 4183 2324 4244 vita
2370 4182 2516 4243 reli-

314 4325 369 4389 1)
416 4324 518 4376 nio
561 4324 908 4389 Rcihenfolge
956 4326 1050 4375 der
1093 4323 1256 4377 Aebte
1305 4339 1404 4374 von
1450 4323 1568 4375 hier
1616 4337 1681 4373 an
1730 4321 1814 4373 bis
1852 4336 1965 4373 zum
2004 4322 2263 4375 Scblusse
2300 4321 2376 4372 ist
2412 4336 2509 4372 von

166 4414 407 4493 φρίκην
444 4410 614 4478 Hand,
651 4412 775 4463 aber
811 4409 945 4463 anob
981 4409 1112 4463 noch
1149 4424 1246 4462 aus
1285 4410 1398 4461 clem
1441 4409 1522 4463 16.
1560 4407 1947 4471 Jabrhunderte
1986 4408 2390 4473 nachgetragen.
