3009 5009
1574 305 1660 374 96

441 458 754 550 Atepherd
811 486 1032 549 decem
1087 485 1306 558 hubas;
1375 487 1438 546 in
1497 483 1865 548 Ginterbaeh
1919 483 2227 564 predimm
2274 485 2335 544 in
2382 479 2786 552 Hirsslanden

443 593 724 672 predium
775 601 837 657 et
883 595 1057 684 plura
1098 594 1255 663 alia‚'
1289 610 1410 674 quo
1457 593 1613 656 alias
1658 593 2004 671 conscripta
2055 597 2393 654 seruanturss

1307 823 1316 830 .
1394 762 1831 855 raymaoh.
1894 835 1902 841 ,

617 908 958 971 Richardus
1006 907 1084 971 de
1126 908 1454 971 Tietikeim
1510 910 1575 968 in
1614 876 1987 986 Tagenbaeh
2030 924 2213 970 mam
2256 906 2509 968 salicam
2559 913 2789 970 terram

440 1035 583 1078 eum
621 1015 843 1077 decem
875 1014 1072 1085 hubis,
1131 1021 1194 1076 et
1229 1016 1290 1076 in
1332 1012 1565 1078 Lienah
1606 1011 1755 1074 duas
1796 1011 1989 1074 hubas
2034 1029 2177 1072 eum
2214 1013 2437 1082 vineto,
2478 1019 2537 1074 et
2576 1013 2640 1074 in
2669 1013 2790 1074 Iss-

438 1123 593 1187 baeh
638 1122 982 1202 prediolum
1023 1123 1254 1182 bonum
1295 1122 1474 1184 uobis
1522 1119 1791 1184 tradidit·

751 1290 759 1296 ’
857 1271 1226 1362 Menon-m
1317 1243 1679 1383 Eitinqen.
1780 1290 2375 1361 Warmbnmnen.

617 1437 904 1508 Heriem,
940 1436 1327 1518 pedissequa
1363 1437 1596 1518 regine,
1636 1433 1803 1498 dedit
1840 1453 2018 1498 mam
2064 1435 2287 1497 hubam
2316 1436 2379 1496 in
2410 1431 2789 1507 Gisenhoim,

442 1562 554 1625 pro
591 1544 770 1606 euius
807 1543 1164 1606 concambio
1203 1541 1371 1604 dedit
1409 1541 1773 1603 Ludowieus
1816 1559 2031 1602 eomes
2070 1540 2149 1602 de
2176 1541 2508 1603 Arenstein
2548 1541 2790 1620 triginta

447 1651 660 1723 hubas,
699 1667 951 1730 quarum
989 1652 1258 1730 quinque
1299 1649 1376 1711 ad
1415 1650 1687 1710 Niueren
1734 1654 1793 1710 et
1828 1666 2014 1710 vnum
2054 1641 2508 1720 molendinum3
2563 1644 2643 1710 ad
2679 1647 2792 1708 Zu-

444 1759 656 1837 tingen
683 1765 809 1820 tres
837 1757 1022 1829 hube,
1064 1756 1142 1819 ad
1168 1755 1448 1837 Eltingen
1477 1746 1697 1818 decem
1724 1755 1905 1826 hube,
1950 1755 2025 1816 ad
2054 1755 2539 1816 Warmbrunnen
2570 1753 2792 1817 decem

441 1865 628 1938 huhe,
677 1870 742 1926 et
785 1866 976 1926 tercia
1020 1881 1165 1944 pars
1207 1865 1478 1926 ecclesie
1525 1864 1587 1926 in
1632 1861 2092 1983 Geberssheim.

1095 2035 1555 2124 Brotuinyen.
1649 1975 2129 2101 Barekhusen.

617 2180 944 2272 Rudolffus
979 2199 1193 2243 comes
1233 2180 1311 2241 de
1351 2179 1771 2260 Himelssberg
1810 2187 2065 2261 quatuor
2090 2178 2282 2242 hubas
2314 2145 2393 2242 ad
2418 2179 2791 2258 Brotzingeu

445 2293 509 2348 et
557 2284 868 2371 dimidiam
915 2285 976 2346 in
1024 2284 1412 2348 Barekhusen
1457 2281 1717 2348 tradidit.

901 2457 1366 2548 mendorffi
1465 2397 1833 2526 walhem
1922 2403 2331 2546 samium.

601 2598 824 2663 urano
889 2602 1073 2664 abbas
1139 2609 1350 2663 noster
1411 2599 1525 2681 per
1586 2601 1831 2666 manum
1896 2609 1959 2664 et
1986 2649 2001 2656 -
2024 2618 2363 2668 assensum·
2416 2599 2614 2664 fratris
2678 2601 2795 2670 sui,

441 2713 756 2783 [rotet-J
789 2706 1054 2769 Conradi
1073 2706 1150 2768 de
1173 2706 1567 2787 Butelspaeh,
1596 2708 1893 2788 predium,
1924 2707 2091 2788 quod
2108 2707 2407 2769 habemus
2426 2707 2489 2767 in
2518 2710 2549 2786 Η
2578 2705 2797 2766 Pfrun·

445 2811 635 2885 dorff,
685 2829 826 2872 eum
873 2815 1042 2873 omni
1086 2813 1218 2873 iure
1264 2821 1479 2876 saneto
1524 2813 1704 2874 Petro
1750 2810 2029 2901 tradidit;
2076 2813 2151 2874 ad
2181 2813 2499 2875 ·Walheim
2546 2829 2795 2892 quoque

441 2917 772 2982 duodecim
835 2921 1045 2998 iugera
1099 2919 1417 2982 vinearum
1465 2937 1605 2992 eum
1634 2919 1973 2982 beneflciis
2022 2937 2127 2981 sex
2173 2915 2485 3004 hominum
2532 2920 2609 2981 ad
2658 2937 2797 2982 eas-

443 3023 584 3086 dem
614 3026 820 3087 vineas
848 3026 1320 3105 pertinentibus3
1369 3026 1447 3088 ad
1491 3025 1822 3106 Saldingen
1864 3027 2141 3106 quinque
2188 3025 2418 3097 hubas;
2466 3024 2544 3087 ad
2568 3023 2798 3089 Bai-ek-

441 3119 642 3194 huseu
692 3130 842 3192 duas
886 3130 1084 3195 hubas
1133 3147 1270 3193 eum
1319 3133 1549 3204 vineto:
1599 3131 1675 3193 ad
1724 3131 2097 3194 Sw‘iendorff
2130 3150 2310 3194 vnam
2356 3131 2598 3208 hubam.
2640 3132 2800 3218 ‘Sed

441 3235 606 3300 iilius
655 3233 882 3298 sororis
931 3239 1062 3298 eius
1111 3237 1462 3309 Conradus,
1499 3231 1589 3298 ad
1633 3239 1755 3299 hue
1799 3237 2047 3302 viuente
2094 3243 2289 3303 matre
2336 3255 2474 3311 sua,
2522 3241 2798 3302 infestis-

441 3345 663 3405 simam
711 3345 1090 3430 exactionem
1135 3341 1320 3416 feeit,
1384 3342 1545 3405 falso
1590 3351 1994 3423 protestatus,
2022 3344 2219 3425 ‘quod
2266 3362 2427 3424 pars·
2451 3344 2799 3408 eorundem

440 3447 792 3528 prediorum
838 3450 970 3513 iure
1019 3449 1229 3510 matris
1277 3435 1388 3510 sue
1437 3447 1514 3510 ad
1560 3467 1629 3510 se
1676 3453 1987 3529 pertinere
2025 3449 2323 3521 debuerit,
2370 3467 2511 3511 eum
2542 3453 2603 3510 in
2636 3458 2797 3513 tem-

431 3573 609 3636 pore,
657 3574 778 3636 quo
823 3555 958 3635 ipse
1005 3555 1162 3615 hane
1207 3539 1617 3648 querulosam
1644 3557 2029 3617 sentenciam
2076 3555 2405 3618 aduersum
2450 3575 2565 3618 nos
2608 3573 2797 3636 agere

441 3663 624 3740 cepit,
673 3679 707 3724 a
756 3660 856 3724 die
903 3681 1026 3742 quo
1059 3662 1192 3723 huc
1239 3641 1605 3723 contradita
1626 3668 1784 3733 sunt,
1832 3662 2153 3741 plusquam
2198 3664 2441 3741 triginta
2474 3664 2617 3724 anni
2654 3682 2795 3744 pro·

441 3769 767 3829 cesserint.
862 3766 998 3828 Hee
1063 3768 1200 3827 eius
1259 3767 1640 3844 querimonia
1700 3766 1845 3828 dum
1889 3784 2015 3846 per
2076 3768 2304 3846 aliquot
2348 3785 2541 3829 annos
2584 3769 2796 3832 habita

439 3871 796 3934 nullomodo
843 3871 1049 3934 sedari
1095 3877 1339 3952 posset,
1393 3873 1791 3952 prospieieus
1848 3872 2037 3936 idem·
2069 3872 2331 3934 domnus
2380 3875 2532 3935 abba
2580 3893 2798 3938 mona-

441 3979 630 4040 sterio
675 3985 886 4040 nostro
929 3960 1256 4058 plurimum
1307 3980 1649 4041 nociturum
1698 3997 1861 4052 esse,
1909 3982 1959 4042 si
1998 3997 2189 4061 vsque
2228 3978 2305 4042 ad
2343 3979 2573 4042 obitum
2610 4000 2797 4044 suum

440 4102 544 4146 res
601 4083 922 4146 indiffinita
990 4089 1375 4172 remaneret,
1446 4082 1617 4146 dedit
1664 4087 1738 4145 ei
1796 4103 1907 4164 per
1962 4103 2207 4147 manum
2254 4084 2555 4146 aduocati
2582 4087 2797 4157 nostri,

441 4187 740 4252 Gotefridi
801 4187 880 4278 de
937 4187 1132 4252 calwa
1153 4233 1170 4260 ‚
1235 4190 1297 4250 in
1351 4188 1657 4263 Etlehaeh,
1712 4207 1885 4251 vnam
1930 4190 2157 4252 hubam
2204 4197 2267 4251 et
2312 4188 2668 4265 dimidiam,
2732 4193 2801 4253 in

437 4296 768 4357 Durnkei'm
816 4311 1058 4376 quoque
1103 4297 1322 4357 curtim
1367 4293 1548 4358 imam
1595 4301 1660 4357 et
1704 4294 1827 4356 duo
1872 4298 2083 4374 iugera
2129 4295 2315 4359 vineti
2356 4302 2422 4356 et
2448 4315 2559 4358 sex
2586 4298 2803 4377 iugera

441 4403 680 4465 arabilis
725 4411 888 4464 terre
935 4419 1076 4463 cum
1121 4419 1376 4463 nemore
1411 4401 1705 4482 quodam.
1767 4400 1911 4476 Quo
1957 4403 2117 4466 fanto
2164 4402 2431 4465 domnus
2480 4403 2801 4465 conradus
