3009 5009
1282 258 1410 353 ‘29

623 468 628 475 ·
713 452 968 525 Auara
1010 460 1250 525 sancte
1293 455 1681 527 Kainon-ine
1712 460 2031 550 virginiis.

355 579 576 641 -Altare
633 581 979 645 secundum
1035 600 1070 645 a
1125 584 1332 646 medio
1393 587 1597 647 crucis
1645 585 2029 649 dextrorsum
2073 586 2389 651 sedecimo
2436 588 2541 653 die

188 682 346 746 Maii
391 694 816 750 consecratum
863 696 960 750 est
1002 690 1064 750 in
1111 689 1344 751 honore
1395 696 1745 753 sanctorum
1788 691 2033 755 Ioannis
2078 694 2341 772 baptiste
2363 739 2380 765 ,
2424 692 2541 757 Ka-

189 790 437 851 therine
457 834 474 863 ,
519 790 794 881 §Barbare
814 839 831 866 ‚
883 792 1248 872 Margarete,
1313 795 1537 857 Vrsule
1586 802 1652 857 et
1694 795 1994 858 sodalium
2040 799 2179 859 eius
2224 799 2540 880 virginum,

191 912 456 974 quorum
500 896 762 975 reliquie
811 899 1196 960 continentur
1237 900 1298 959 iu
1349 916 1424 959 eo
1472 918 1613 961 cum
1660 900 1793 963 aliis
1837 890 2129 980 plurimis.

665 1068 922 1159 Altare
963 1075 1372 1169 sanctorum
1414 1073 1635 1141 trium
1674 1092 2063 1161 meyerum.

373 1194 578 1256 Altare
643 1199 904 1257 tercium
968 1215 1010 1261 a
1065 1195 1273 1259 medio
1339 1199 1541 1259 crucis
1602 1199 2021 1261 sinistrorsum
2058 1198 2389 1274 ,sedecimo
2436 1198 2543 1263 die

190 1295 346 1359 Maii
419 1307 846 1363 consecratum
903 1308 1001 1363 est
1061 1304 1126 1363 in
1190 1302 1423 1365 honore
1489 1309 1837 1365 sanctorum
1894 1304 2076 1377 trium
2120 1322 2454 1388 magorum,
2506 1301 2537 1390 ΙΙ

191 1403 442 1466 Andree
505 1408 807 1485 apostoli,
842 1406 1116 1487 ,Georgii
1161 1410 1476 1488 martyr-is,
1546 1408 1847 1471 Osswaldi
1891 1410 2055 1488 regis
2104 1418 2165 1473 et
2212 1418 2347 1483 [Ful.
2372 1417 2538 1487 Ωιι]

194 1498 529 1591 martyriS,
568 1512 685 1576 Viti
733 1516 1012 1595 martyris
1033 1562 1048 1587 ,
1117 1533 1384 1599 quorum¹
1420 1514 1681 1596 reliquie
1727 1518 1789 1577 in
1838 1534 1915 1579 eo
1962 1518 2352 1581 continentur
2396 1536 2539 1581 cum

193 1618 330 1681 aliis
375 1618 677 1697 plurimis.

373 1726 551 1785 Anno
591 1721 820 1785 domini
859 1724 1189 1785 millesimo
1227 1722 1829 1803 quadringentesimo
1864 1725 2317 1805 septuagesimo
2344 1724 2539 1806 primo

195 1838 555 1895 consecrata
591 1838 737 1893 sunt
775 1832 981 1904 altaria
1017 1831 1138 1892 duo
1183 1833 1553 1911 sequencia:

875 1970 1156 2070 'Altam
1196 2003 1422 2070 sancti
1462 2001 1831 2074 Benedicti
1950 1964 1975 2089 J

195 2155 360 2211 extra
419 2148 604 2209 altare
664 2148 924 2209 tercium
969 2165 1004 2209 a
1047 2147 1254 2209 medio
1301 2149 1498 2210 crucis
1548 2146 1929 2211 dextrorsum
1974 2155 2399 2212 consecratum
2444 2154 2543 2211 est

189 2254 411 2335 ydibus
460 2254 724 2317 octobris
768 2254 832 2315 in
879 2254 1110 2316 honore
1159 2262 1503 2317 sauctorum
1547 2252 1867 2316 Benedicti
1913 2255 2160 2328 abbatis,
2206 2254 2542 2318 Hieronimi

189 2360 538 2441 presbyteri
584 2367 642 2423 et
687 2360 918 2441 Agathe
962 2360 1208 2440 virginis
1247 2367 1318 2422 ·et
1339 2362 1659 2440 martyris.
1733 2360 2130 2433 Continentur
2172 2361 2233 2421 in
2282 2379 2357 2424 eo
2400 2360 2540 2423 reli-

193 2468 336 2548 quie
385 2465 462 2529 de
511 2467 672 2547 ligno
723 2465 1066 2538 dominico,
1113 2466 1360 2529 loannis
1405 2466 1663 2547 baptiste
1684 2510 1703 2539 ,
1749 2466 1948 2539 Pauli,
1998 2466 2264 2539 Andree,
2308 2466 2543 2531 Thome

192 2574 624 2652 apostolorum,
664 2573 952 2652 Stephani
990 2572 1504 2653 prothomartyris,
1541 2572 1867 2645 Laurentii,
1907 2571 2153 2653 Georgii
2196 2580 2542 2655 martyrum,

193 2679 497 2752 Siluestri,
534 2679 785 2751 Nicolai,
827 2676 1172 2750 Benedicti,
1219 2678 1497 2749 quentii‚
1537 2678 1835 2751 Decentii,
1872 2678 2067 2759 Egidii
2096 2680 2542 2750 confessorum.

195 2785 384 2848 Marie
429 2785 814 2866 Magdalene,
865 2784 1220 2855 Scolastice‚
1253 2783 1626 2864 Magnete.

583 2956 838 3025 Altare
877 2952 1104 3025 sancti
1145 2952 1481 3061 Stephani
1520 2954 2133 3045 prothomartyris.

282 3134 300 3169 .·
370 3101 578 3164 Altare
623 3107 898 3181 quartum
933 3120 978 3163 -a
1021 3098 1225 3164 medio
1284 3101 1484 3163 crucis
1550 3102 1965 3164 sinistrorsum
2020 3099 2223 3161 idibus
2275 3097 2543 3187 octobris

201 3215 628 3271 consecratum
657 3208 844 3271 estin
881 3208 1116 3271 honore
1157 3208 1350 3270 sancti
1377 3206 1673 3286 Stephani
1712 3206 2220 3286 prothomartyris,
2266 3202 2545 3267 Herasmi

197 3313 498 3393 martyris,
544 3312 781 3375 Nicolai
828 3312 1126 3395 episcopi,
1171 3311 1482 3377 Dorothce
1526 3311 1795 3393 virginis.
1891 3309 2296 3373 Continentur
2338 3316 2541 3371 autem

199 3421 262 3483 in
313 3436 390 3481 eo
436 3418 694 3498 reliquie
741 3423 1089 3478 sanctorum
1114 3414 1362 3478 Andree
1393 3416 1679 3495 apostoli,
1726 3413 1939 3477 Marci
1962 3414 2358 3493 euangelista,
2406 3413 2542 3475 Ste-

197 3523 381 3605 phani
425 3522 938 3603 prothomartyris,
987 3518 1249 3584 Maur-itii
1292 3521 1590 3599 martyris,
1641 3518 1828 3580 Cirilli
1858 3517 2131 3597 episcopi
2160 3524 2219 3578 et
2246 3516 2542 3597 martyris,

199 3630 548 3703 Anastasio,
592 3628 854 3700 Iuliane,
899 3624 1264 3705 Margarete,
1308 3624 1500 3690 Marie
1546 3621 1929 3703 Magdaleue,
1976 3628 2323 3685 sanctorum
2368 3622 2543 3687 iuno·

199 3744 448 3801 centum
491 3742 834 3816 martyrum,
882 3731 962 3796 de
1005 3731 1292 3812 presepio
1338 3729 1592 3795 domini.

727 3904 983 3975 Altare
1024 3907 1264 3973 smcte
1305 3901 1540 3972 Maris
1580 3900 2018 3992 magdalene.

377 4052 578 4115 Altarc
645 4050 1001 4113 secundum.
1051 4066 1087 4111 a
1145 4046 1350 4112 medio
1411 4048 1613 4109 crucis
1670 4047 2091 4110 sinistrorsum
2148 4044 2347 4109 idibus
2399 4045 2543 4111 Maii

196 4160 358 4221 anno
387 4157 618 4219 domini
646 4156 974 4217 millesimo
1003 4153 1493 4235 quingentesimo
1526 4159 1949 4215 consecratum
1984 4157 2085 4213 est
2121 4167 2156 4212 a
2192 4150 2541 4213 venerando

199 4265 428 4329 domno
492 4262 782 4327 Heinrico
802 4307 820 4336 ,
885 4260 1356 4341 Termopolensi
1411 4259 1703 4339 episcopo
1724 4304 1741 4331 ,
1804 4254 2132 4323 reuerendi
2188 4257 2252 4319 in
2300 4256 2541 4317 Christo

197 4372 385 4453 patris
433 4377 497 4433 et
540 4367 752 4431 domni
797 4354 1004 4431 domni
1046 4364 1378 4435 Ludouici,
1425 4362 1738 4443 Spirensis
1785 4362 2083 4442 episcopi,
2131 4360 2538 4441 suffraganeo,
