3009 5009
1568 292 1655 357 50

441 466 662 529 villulis
719 480 850 549 ‘pro
895 486 965 531 se
1035 476 1097 531 et
1151 472 1324 531 omni
1374 470 1739 549 cognatione
1800 486 1917 532 sna
1980 470 2100 532 deo
2162 476 2225 531 ct
2268 469 2449 530 heato
2496 466 2681 530 Petro
2730 470 2795 528 in

441 576 812 638 monasterio
869 574 1292 654 Hirsaugiensi
1310 619 1328 647 ,
1405 592 1479 637 ea
1535 575 1783 637 scilicet
1840 564 2231 646 conditione,
2294 581 2356 636 vt
2416 573 2795 654 prouidente

440 682 722 746 eiusdem
783 677 1136 747 monasterii
1195 682 1416 745 abbate
1481 682 1815 745 seruicium
1878 681 1981 744 dei
2032 700 2100 745 se
2114 680 2383 744 cundum
2442 683 2729 761 regulam
2768 679 2796 766 Η

441 794 578 859 [ποι.
602 794 762 862 tm]
824 790 1022 851 sancti
1067 786 1387 851 Benedicti
1447 785 1677 851 ibidem
1740 788 2102 850 instituatur.
2196 786 2513 849 Predictus
2570 806 2797 849 comes

434 894 654 957 Diemo
701 879 873 957 dedit
917 892 1070 956 duas
1113 891 1308 955 hubas
1355 892 1433 955 ad
1480 891 1906 957 Dicfl'enbach.

1371 1062 1845 1133 Berckltu'sen.

615 1210 1034 1291 Reginhardus
1093 1218 1156 1272 ct
1207 1208 1511 1274 Meriboto
1556 1219 1621 1274 et
1664 1218 1861 1275 mater
1906 1228 2120 1273 eorum
2168 1210 2422 1273 Swanilt
2464 1210 2541 1273 ad
2586 1209 2794 1271 Nern-

437 1326 636 1381 steten
697 1326 757 1380 et
805 1316 878 1380 ad
924 1316 1258 1399 Sessingen
1309 1326 1372 1381 et
1415 1318 1494 1381 ad
1538 1318 1895 1383 Berchusen
1946 1316 2247 1381 dederunt
2292 1316 2514 1379 decem
2558 1316 2794 1379 hubas.

1279 1544 1284 1551 .
1359 1492 1853 1582 Aryossinyen.

610 1602 974 1697 Adelbertus
1021 1641 1086 1697 et
1128 1636 1346 1719 fratres
1393 1637 1528 1697 eius
1566 1636 1871 1698 wimarus
1916 1643 1980 1698 et
2022 1632 2348 1729 Luipertus
2396 1629 2472 1695 de
2518 1630 2789 1695 lseldss-

437 1740 636 1803 husen
703 1738 1006 1802 dederunt
1066 1742 1246 1803 nobis
1310 1740 1597 1822 quicquid
1643 1738 1872 1803 ibidem
1916 1718 2292 1811 habuerunt,
2358 1737 2522 1819 quod
2568 1702 2785 1801 datum

433 1853 528 1907 cst
571 1864 681 1926 pro
728 1846 846 1909 alio
891 1845 1104 1928 predio
1149 1849 1210 1909 in
1255 1850 1690 1929 Argossingen.

1412 2020 1786 2089 statumen.

604 2162 970 2224 wichardus
1034 2161 1112 2225 de
1145 2162 1506 2253 ‘Stamheim
1571 2150 1863 2244 quicquid
1923 2162 1985 2223 in
2046 2161 2268 2224 eodem
2314 2162 2453 2223 loco
2498 2160 2789 2242 possedit

429 2288 569 2330 cum
617 2268 784 2329 omni
831 2268 964 2329 iure
1007 2268 1188 2331 beato
1233 2267 1410 2331 Petro
1457 2266 1721 2331 tradidit.
1834 2318 1839 2325 .

603 2372 778 2450 Vdilo
827 2373 904 2435 de
953 2373 1287 2437 Stamhcim
1311 2383 1443 2455 'per
1487 2366 1755 2437 manum'
1785 2373 1991 2436 domni
2040 2370 2473 2435 'sui-Gotetridi
2528 2372 2775 2434 comitis

427 2490 486 2544 et
551 2480 828 2543 aduocati
895 2482 1082 2543 nostri
1141 2480 1307 2543 dedit
1353 2484 1416 2542 in
1469 2480 1688 2543 eodem
1733 2482 1874 2544 loco
1922 2478 2213 2561 quicquid
2258 2479 2555 2559 possedit.
2646 2476 2772 2558 Ipsi

421 2594 626 2647 tamen
675 2584 985 2647 Gotefrido
1047 2588 1254 2648 comiti
1305 2586 1586 2665 predium
1649 2566 1712 2648 in
1777 2584 2107 2648 Blaichahe
2162 2602 2273 2664 pro
2317 2584 2611 2647 mercede
2658 2584 2770 2647 de·

421 2689 642 2777 dimus,
690 2698 750 2754 v't
793 2692 912 2753 hoc
961 2700 1280 2758 annueret.

1105 2880 1114 2884 ·
1169 2863 1629 2949 [Donationes
1671 2834 2021 2949 Bebonis.j

598 3006 832 3069 Omnes
858 3007 1316 3088 Hirsaugiensis
1356 3008 1602 3098 cenobii
1638 3007 1841 3068 incole
1886 3014 2011 3073 tam
2056 3006 2241 3069 futuri
2287 3012 2484 3088 quam*
2512 3026 2772 3088 presen-

419 3122 516 3175 tes
544 3113 840 3174 memorie
871 3130 982 3174 sue
1013 3111 1467 3185 commendeut;
1507 3110 1671 3192 quod
1708 3111 1951 3192 'quidam
1990 3112 2147 3174 ciuis
2176 3109 2487 3191 Spirensis
2516 3118 2770 3177 nomine

421 3218 588 3283 Bebo
633 3218 829 3298 primo
877 3216 1126 3297 quidem
1163 3219 1436 3279 omnium
1474 3217 1644 3280 dedit
1678 3218 1795 3279 illis
1835 3219 2091 3307 calicem
2122 3227 2482 3299 argenteum
2512 3228 2772 3301 quatuor

422 3341 660 3385 marcas
707 3322 1184 3402 appendentem3
1245 3321 1472 3384 deinde
1530 3322 1789 3403 quedam
1836 3324 2045 3404 predia
2094 3323 2173 3387 ad
2215 3324 2549 3395 Mulhusen
2594 3336 2661 3391 et
2698 3331 2769 3389 in

422 3430 556 3495 aliis
601 3429 754 3491 lonis
800 3430 1236 3509 quinquaginta
1282 3428 1504 3489 marcis
1553 3430 1926 3509 comparauit
1970 3442 2183 3511 eaque·
2212 3430 2411 3493 beatis
2442 3434 2769 3513 ,apostolis

348 3544 356 3549 ’
421 3535 624 3600 Petro·
659 3543 746 3598 et.
778 3534 966 3597 Paulo
1032 3542 1364 3615 sanctoque
1410 3534 1655 3597 Aurelio
1676 3580 1693 3607 ‚
1754 3532 2279 3615 Hirsaugiensium
2306 3540 2635 3615 patronis,
2700 3542 2769 3600 in

421 3650 780 3753 perpetuam
839 3644 1269 3723 proprietatem
1332 3640 1470 3703 talis
1535 3642 1698 3721 pacti
1754 3642 2107 3721 prouisione
2168 3627 2511 3722 delegauit,
2576 3646 2640 3707 vt
2684 3644 2767 3705 de

423 3766 616 3810 censu
681 3767 754 3809 ex
809 3748 1048 3811 eisdem
1091 3746 1322 3828 prediis
1367 3748 1671 3815 annuatim
1718 3747 2055 3819 soluendo,
2123 3748 2227 3829 qui
2270 3748 2536 3827 pleniter
2579 3750 2771 3813 efficit

424 3854 690 3935 quinque
737 3871 996 3925 marcas,
1041 3872 1156 3915 vna
1202 3870 1402 3915 marea
1447 3872 1559 3933 pro
1604 3830 1874 3933 piscibus
1922 3861 1985 3915 et
2020 3854 2156 3916 vino
2196 3853 2582 3950 expendatur,
2632 3859 2767 3938 qui-

423 3960 540 4021 bus
600 3958 664 4021 in
703 3957 820 4025 die
881 3954 1156 4020 omnium
1223 3965 1575 4021 sanctorum
1632 3960 1945 4022 monachis
1992 3964 2399 4025 communiter
2442 3965 2765 4026 seruiatur.

433 4070 569 4137 [ποι.
588 4068 751 4135 nvn}
793 4061 1082 4143 Reliquas
1126 4070 1292 4137 vero,
1311 4064 1340 4143 ΙΙ
1387 4068 1647 4141 quatuor
1692 4080 1931 4126 marcas
1976 4062 2143 4127 idem
2187 4065 2355 4128 Bebo
2402 4068 2487 4131 ita
2536 4070 2766 4131 consti-

422 4168 540 4231 tuit
593 4165 854 4247 expendi
909 4166 974 4226 in
1031 4167 1316 4228 seruiciff
1341 4167 1591 4229 fratrum
1610 4212 1629 4239 ‚
1695 4175 1752 4229 vt
1798 4170 1861 4229 in
1906 4169 2241 4231 festiuitate
2289 4177 2505 4235 sancte
2547 4171 2765 4247 Mario,

425 4258 544 4358 que
591 4270 810 4337 dicitur
851 4272 1214 4354 purificatio,
1261 4254 1327 4337 ‘et
1367 4274 1440 4335 in
1477 4273 1735 4353 singulis
1760 4277 2054 4337 ‘omnium
2100 4276 2516 4356 apostolorum
2552 4281 2767 4343 solen-

421 4382 709 4445 nitatibus
786 4381 1022 4463 intcgro
1104 4378 1416 4460 vei-dungo
1489 4385 1555 4441 et
1624 4378 1873 4444 dimidio
1943 4382 2147 4476 pisces
2220 4379 2297 4443 ad
2336 4382 2766 4451 ‚refectionem
