3009 5009
1357 269 1440 334 97

224 466 348 510 non
395 447 597 510 solum
643 446 722 510 de
769 445 1010 508 eisdem
1055 444 1282 526 prediis
1331 453 1601 528 apertam
1646 445 2095 508 abdicationem
2140 447 2317 518 feeit,
2364 459 2572 506 verum

225 555 412 616 etiam
475 553 904 616 fidelissimum
970 552 1236 615 amicum
1303 559 1366 614 et
1429 549 1773 614 adiutorem
1844 549 2230 614 indefessum
2302 550 2569 636 ecclesie

224 667 436 722 nostre
483 675 556 720 se
599 659 868 721 futurum
917 675 1058 719 esse
1107 656 1452 736 spopondit.
1543 655 1739 719 Huius
1784 658 1877 718 rei
1908 637 2115 718 ⁴testes
2162 661 2337 718 sunt:-
2389 653 2572 716 Gete-

221 766 419 828 fridus
465 783 677 828 eomes
723 763 1065 845 palatinus,
1121 763 1504 825 Hermannus
1552 761 1859 834 marchio,
1913 762 2239 825 Bel-toldus
2288 761 2365 824 de
2411 759 2572 840 Hug-

222 873 514 954 genherg.
1035 881 1043 888 “
1514 869 1521 874 ’

1201 1037 1599 1109 Mulhmen.

406 1185 572 1248 Idem
630 1186 836 1249 Bruno
903 1185 1090 1250 abbas
1155 1185 1324 1249 dedit
1377 1187 1599 1250 Alkero
1667 1184 1745 1248 de
1802 1185 2222 1267 Eberdringen
2262 1171 2345 1248 'et
2408 1185 2575 1246 vxori

229 1296 366 1356 eius
416 1293 878 1374 quatuordecim
923 1311 1160 1356 marens
1207 1295 1437 1374 argenti
1468 1296 1498 1374 ΙΙ
1532 1301 1595 1355 et
1630 1289 1945 1354 dimidiam
1982 1292 2209 1356 hubam
2256 1296 2575 1365 [Fet-On]

228 1401 294 1460 in
338 1396 762 1478 Eberdringen
810 1415 920 1476 pro
970 1398 1088 1462 alio
1129 1385 1352 1478 'predio
1395 1400 1458 1460 in
1503 1397 1871 1469 Mulhusen,
1920 1415 2039 1477 que
2088 1400 2203 1462 sita
2251 1405 2348 1461 est
2394 1417 2580 1480 super

230 1504 484 1566 fluuium
531 1503 701 1566 Entz.
794 1504 989 1566 Huius
1043 1507 1138 1565 rei
1183 1509 1378 1566 testes
1427 1511 1602 1566 sunt:
1662 1497 1887 1582 Egino“
1904 1503 1982 1566 de
2027 1504 2341 1578 But-bach,
2402 1505 2579 1567 Hort-

227 1613 475 1692 preeht‚
522 1611 870 1706 Megingos,
918 1612 1226 1680 westher,
1271 1610 1620 1682 Eberhard,
1669 1612 1769 1690 qui
1819 1627 2035 1673 omnes
2084 1617 2223 1674 sunt
2267 1611 2345 1674 de
2390 1613 2578 1674 Eber-

231 1718 513 1797 dringen.

897 1885 1352 1955 Durnokeim.
1425 1887 1903 1996 'schafhusen

412 2030 732 2093 Com-udus
795 2031 872 2093 de
933 2031 1332 2111 Butelspaoh,
1397 2032 1589 2094 frater
1650 2032 1907 2112 predicti
1960 2032 2267 2095 Brunonis
2326 2033 2579 2106 abbatis,

230 2155 374 2201 cum
417 2153 602 2200 vxore
652 2154 762 2198 sua
810 2135 1136 2200 Werndrut
1183 2136 1351 2198 dedit
1395 2137 1460 2198 in
1503 2137 1835 2199 Durnkeim
1882 2137 2157 2204 sedecim
2202 2137 2393 2210 hubas
2440 2156 2583 2200 oum

228 2243 622 2316 molendino,
691 2250 754 2306 et
817 2245 881 2305 in
941 2244 1212 2323 proximo
1276 2244 1420 2306 villa
1481 2245 1765 2307 eiusdem
1826 2247 2089 2308 nominis
2147 2246 2445 2317 vinetum3
2508 2243 2583 2309 ad

231 2351 586 2416 Sarssheim
631 2369 808 2414 vnam
855 2351 1106 2412 solie-am
1149 2357 1374 2412 terram
1422 2357 1484 2412 et
1516 2349 1819 2431 quiequid
1864 2352 1945 2413 ibi
2008 2351 2250 2423 habuit,
2316 2353 2584 2431 exeeptis

235 2459 428 2521 tribus
476 2457 680 2530 hubis3
731 2457 806 2520 ad
855 2457 1098 2519 Saltzha
1146 2456 1366 2519 decem
1414 2465 1477 2519 et
1525 2465 1664 2520 octo
1710 2458 1933 2532 hubam
1988 2459 2135 2521 item
2180 2460 2245 2520 in
2291 2455 2584 2520 Schafhu-

236 2583 352 2627 sen
397 2581 584 2626 vnum
629 2563 1054 2626 molendinum
1102 2562 1287 2625 dedit.
1380 2563 1547 2631 ,Post
1592 2565 1817 2626 obitum
1865 2583 2010 2626 vero
2059 2565 2263 2627 domni
2321 2561 2587 2626 Com-adi

238 2688 387 2732 vxor
434 2670 567 2731 eius
612 2669 942 2752 Werndrut
984 2687 1092 2748 pro
1138 2668 1373 2731 traditis
1419 2669 1684 2750 prediis,
1752 2667 1977 2732 domno
2023 2671 2309 2734 Volmaro
2372 2669 2587 2732 abbate

239 2776 674 2846 assenciente,
721 2775 841 2836 hoc
887 2782 1126 2854 pactum
1175 2774 1342 2845 iniit,
1391 2773 1455 2836 id
1501 2781 1597 2836 est
1643 2777 1953 2837 annuatim
2002 2794 2069 2837 se
2112 2777 2358 2837 viuente
2402 2774 2588 2836 tribu-

235 2888 369 2941 tum
419 2878 726 2959 quoddam
771 2879 830 2939 in
880 2895 1100 2940 manus
1149 2877 1445 2940 Gotefridi
1493 2879 1741 2958 palatini
1786 2881 2025 2941 comitis
2074 2879 2357 2942 aduocati
2400 2881 2593 2943 nostri

237 3005 276 3049 a
329 2985 509 3047 nobis
565 2981 932 3044 soluendum
994 2983 1343 3055 constituit,
1409 2988 1472 3046 vt
1519 2990 1657 3063 post
1702 2992 1961 3045 mortem
2007 3001 2180 3045 suam
2224 3001 2409 3045 omne
2456 3001 2592 3062 pro-

240 3089 520 3170 prietatis
586 3090 682 3149 ius
749 3071 885 3148 sirie
947 3087 1146 3167 aliqua
1206 3088 1626 3150 controuersia
1678 3089 1739 3149 in
1795 3089 1986 3151 libera
2035 3095 2335 3167 potestate
2380 3106 2593 3150 mona-

243 3194 420 3256 sterii
467 3193 566 3254 sit.
657 3191 850 3253 Huius
896 3198 1102 3253 autem
1145 3192 1305 3271 pacti
1348 3198 1545 3254 testes
1600 3198 1768 3254 sunt:
1833 3191 2103 3272 Adelwig
2152 3199 2213 3255 et
2254 3194 2469 3254 Arnolt
2514 3189 2592 3255 de

239 3299 608 3377 Nidlingen‚
674 3295 1041 3358 Adalhertus
1091 3295 1168 3358 de
1213 3297 1579 3360 Bernhusen
1630 3304 1693 3360 et
1733 3298 2024 3372 Birthilo,
2080 3299 2467 3362 Eberhardus
2514 3297 2593 3361 de

247 3402 634 3486 Ha‘luingen,
702 3404 1017 3466 Dieterieh
1080 3404 1158 3466 de
1215 3403 1567 3477 Stammen‚
1633 3404 1948 3466 Rudolffus
2009 3406 2253 3467 Volkeri
2306 3405 2467 3467 filius
2516 3405 2593 3467 de

244 3510 546 3582 Stetuelt,
591 3509 978 3570 Eberhardus
1024 3509 1300 3570 Dietheri
1345 3507 1506 3569 filius
1558 3506 1634 3570 de
1676 3509 2097 3586 Buwenburg,
2146 3508 2469 3589 Heinrious
2516 3509 2594 3572 de

243 3615 638 3695 Mollssberg,
683 3614 918 3677 Billuno
966 3615 1046 3676 de
1094 3613 1337 3692 Gai-tha,
1386 3612 1737 3676 Gotefridus
1782 3615 2105 3693 palatinus.

945 3785 1342 3877 Tb‘ffinyen.
1433 3783 1893 3875 Sohaffimen.

438 3926 612 3988 Cuno
642 3927 722 3989 de
751 3927 1110 4008 Humingen
1141 3935 1202 3990 et
1229 3947 1374 3991 vxor
1401 3929 1539 3990 eius
1567 3929 1680 3991 Vta
1710 3926 2013 3989 dederunt
2040 3930 2070 4008 ΙΙ
2100 3945 2206 3990 vn·
2254 3937 2395 4004 [Fut.
2418 3938 2598 4008 esa]

251 4033 457 4094 decim
493 4032 686 4094 hubas
725 4035 787 4092 in
824 4032 1118 4104 Bet-oliba,
1156 4051 1266 4112 pro
1305 4033 1523 4113 quibus
1560 4049 1670 4110 per
1710 4032 2131 4095 concambium
2172 4033 2483 4096 Conr'adus
2523 4035 2599 4097 de

250 4137 621 4216 Butelspaeh
661 4127 833 4198 dedit
867 4137 931 4197 in
969 4135 1294 4216 Toffingen
1334 4143 1461 4199 tres
1501 4135 1713 4209 hubas,
1750 4137 1811 4196 in
1844 4137 2227 4200 Sohat'husen
2266 4156 2449 4201 vnam
2490 4139 2600 4200 hu·

249 4243 396 4304 bam
433 4248 499 4302 et
539 4249 813 4321 quartam
847 4247 1084 4320 partem
1123 4241 1390 4303 ecclesie
1413 4286 1430 4312 ,
1475 4248 1538 4302 et
1574 4241 1653 4310 ad
1684 4239 2145 4320 Heimertingen
2171 4259 2350 4304 vnum
2379 4242 2602 4306 hubam

257 4355 322 4410 et
369 4344 700 4407 dimidiam.
1321 4337 1326 4342 ’

365 4450 475 4490 uod.
505 4448 708 4500 Hir-sut.
2147 4448 2177 4497 7
